[Skip to main content](https://www.coles.com.au/browse/fruit-vegetables/vegetables#skipto-main-content)

[Skip to product items](https://www.coles.com.au/browse/fruit-vegetables/vegetables#skipto-product-items)

# Vegetables

[Fruit & Vegetables](https://www.coles.com.au/browse/fruit-vegetables)

1. [Home](https://www.coles.com.au/)
2. [All categories](https://www.coles.com.au/browse)
3. [Fruit & Vegetables](https://www.coles.com.au/browse/fruit-vegetables)
4. Vegetables

Showing Results for "null". 196 results found

Filter by:

- All Specials
- Coles brands
- All
- Brand
- Dietary

1 - 48 of 196 results

Sort by: Best seller

## Coles Cucumbers Continental Loose \| 1 Each

[**Coles Cucumbers Continental Loose \| 1 Each**](https://www.coles.com.au/product/coles-cucumbers-continental-loose-1-each-4575605)

$2.50

$2.50/ 1ea

Add

![](https://www.coles.com.au/_next/image?url=https%3A%2F%2Fwww.coles.com.au%2Fcontent%2Fdam%2Fcoles%2Fcusp%2F2026-weekly-images%2F14-1-26%2FHeroTile-FruitVeg-1401-updated-compressed.jpg&w=3840&q=90)

![10% off using code summer](https://www.coles.com.au/_next/image?url=https%3A%2F%2Fwww.coles.com.au%2Fcontent%2Fdam%2Fcoles%2Fcusp%2F2026-weekly-images%2F14-1-26%2FHeroTile-Roundel-Padding-10-Summer-1401.png&w=384&q=90)

## Save 10% when you buy 10 selected fruit & veg

Use code SUMMER at checkout to save.

\*Ends 20/1. 2 per customer. Max discount $50. [T&Cs apply](https://www.coles.com.au/offers/fruit-veg#terms "https://www.coles.com.au/offers/fruit-veg#terms").

[Shop now](https://www.coles.com.au/offers/fruit-veg?pid=campaign_aisle_tile_10-off-fruit)

## Coles Tomatoes Greenhouse Truss \| approx. 130g

[**Coles Tomatoes Greenhouse Truss \| approx. 130g**](https://www.coles.com.au/product/coles-tomatoes-greenhouse-truss-approx.-130g-4628676)

$0.51

$3.90/ 1kg

Final price is based on weight

Add

## Coles Tomatoes Gourmet \| approx. 130g

[**Coles Tomatoes Gourmet \| approx. 130g**](https://www.coles.com.au/product/coles-tomatoes-gourmet-approx.-130g-4597109)

$1.03

$7.90/ 1kg

Final price is based on weight

Add

## Coles Sweet Corn \| 1 Each

[**Coles Sweet Corn \| 1 Each**](https://www.coles.com.au/product/coles-sweet-corn-1-each-4562603)

$1.90

$1.90/ 1ea

Add

## Coles Iceberg Lettuce \| 1 Each

[**Coles Iceberg Lettuce \| 1 Each**](https://www.coles.com.au/product/coles-iceberg-lettuce-1-each-4584071)

$2.50

$2.50/ 1ea

Add

## Coles Broccoli Medium \| approx. 340g

[**Coles Broccoli Medium \| approx. 340g**](https://www.coles.com.au/product/coles-broccoli-medium-approx.-340g-407755)

$2.89

$8.50/ 1kg

Final price is based on weight

Add

## Coles Brown Onions \| 1kg

[**Coles Brown Onions \| 1kg**](https://www.coles.com.au/product/coles-brown-onions-1kg-4803991)

$3.20

$3.20/ 1kg

Add

## Coles Onions Red Local \| approx. 200g

[**Coles Onions Red Local \| approx. 200g**](https://www.coles.com.au/product/coles-onions-red-local-approx.-200g-4218459)

$1.10

$5.50/ 1kg

Final price is based on weight

Add

## Coles Carrots \| 1Kg

[**Coles Carrots \| 1Kg**](https://www.coles.com.au/product/coles-carrots-1kg-9006560)

$2.00

$2.00/ 1kg

Add

## Coles Red Capsicum Loose \| approx. 220g

[**Coles Red Capsicum Loose \| approx. 220g**](https://www.coles.com.au/product/coles-red-capsicum-loose-approx.-220g-4580208)

$2.84

$12.90/ 1kg

Final price is based on weight

Add

## Coles Loose Brown Onions \| approx. 200g

[**Coles Loose Brown Onions \| approx. 200g**](https://www.coles.com.au/product/coles-loose-brown-onions-approx.-200g-4239517)

$0.78

$3.90/ 1kg

Final price is based on weight

Add

## Coles Baby Cucumbers \| 250g

[**Coles Baby Cucumbers \| 250g**](https://www.coles.com.au/product/coles-baby-cucumbers-250g-4578148)

$3.90

$15.60/ 1kg

Add

## Coles Lebanese Cucumbers \| approx. 160g

[**Coles Lebanese Cucumbers \| approx. 160g**](https://www.coles.com.au/product/coles-lebanese-cucumbers-approx.-160g-4575208)

$0.78

$4.90/ 1kg

Final price is based on weight

Add

## Coles Glasshouse Grape Tomatoes \| 200g

[**Coles Glasshouse Grape Tomatoes \| 200g**](https://www.coles.com.au/product/coles-glasshouse-grape-tomatoes-200g-4498173)

$3.80

$19.00/ 1kg

Add

## Coles Spring Onions \| 1 Bunch

[**Coles Spring Onions \| 1 Bunch**](https://www.coles.com.au/product/coles-spring-onions-1-bunch-408419)

$2.90

$2.90/ 1ea

Add

## Coles Creme Gold Washed Potatoes Loose \| approx. 150g

[**Coles Creme Gold Washed Potatoes Loose \| approx. 150g**](https://www.coles.com.au/product/coles-creme-gold-washed-potatoes-loose-approx.-150g-1182162)

$0.80

$5.30/ 1kg

Final price is based on weight

Add

## Coles Green Zucchini \| approx. 200g

[**Coles Green Zucchini \| approx. 200g**](https://www.coles.com.au/product/coles-green-zucchini-approx.-200g-4910506)

$1.18

$5.90/ 1kg

Final price is based on weight

Add

## Coles Red Onion 1 Kg \| 1kg

[**Coles Red Onion 1 Kg \| 1kg**](https://www.coles.com.au/product/coles-red-onion-1-kg-1kg-8467604)

$4.90

$4.90/ 1kg

Add

## Coles Baby Broccoli \| 1 Bunch

[**Coles Baby Broccoli \| 1 Bunch**](https://www.coles.com.au/product/coles-baby-broccoli-1-bunch-5982477)

$2.70

$2.70/ 1ea

Add

## Coles Potatoes Sweet Gold \| approx. 500g

[**Coles Potatoes Sweet Gold \| approx. 500g**](https://www.coles.com.au/product/coles-potatoes-sweet-gold-approx.-500g-4199503)

$1.75

$3.50/ 1kg

Final price is based on weight

Add

## Coles Carrots Loose \| approx. 170g

[**Coles Carrots Loose \| approx. 170g**](https://www.coles.com.au/product/coles-carrots-loose-approx.-170g-4223335)

$0.44

$2.60/ 1kg

Final price is based on weight

Add

## Coles Fresh Loose Cup Mushrooms \| approx. 200g

[**Coles Fresh Loose Cup Mushrooms \| approx. 200g**](https://www.coles.com.au/product/coles-fresh-loose-cup-mushrooms-approx.-200g-4594010)

$2.50

$12.50/ 1kg

Final price is based on weight

Add

## Coles Lettuce Cos Baby Hearts \| 2 Pack

[**Coles Lettuce Cos Baby Hearts \| 2 Pack**](https://www.coles.com.au/product/coles-lettuce-cos-baby-hearts-2-pack-4646485)

$3.50

$1.75/ 1ea

Add

## Coles Garlic Loose \| approx. 60g

[**Coles Garlic Loose \| approx. 60g**](https://www.coles.com.au/product/coles-garlic-loose-approx.-60g-each-6105715)

$1.98

$33.01/ 1kg

Final price is based on weight

Add

## Coles Capsicum Green Loose \| approx. 220g

[**Coles Capsicum Green Loose \| approx. 220g**](https://www.coles.com.au/product/coles-capsicum-green-loose-approx.-220g-7214862)

$2.18

$9.90/ 1kg

Final price is based on weight

Add

## Coles Cherry Tomatoes \| 250g

[**Coles Cherry Tomatoes \| 250g**](https://www.coles.com.au/product/coles-cherry-tomatoes-250g-4834736)

$2.50

$10.00/ 1kg

Add

## Coles Cauliflower Medium \| 1 Each

[**Coles Cauliflower Medium \| 1 Each**](https://www.coles.com.au/product/coles-cauliflower-medium-1-each-4601603)

$5.90

$5.90/ 1ea

Add

## Coles Green Beans Prepacked \| 375g

[**Coles Green Beans Prepacked \| 375g**](https://www.coles.com.au/product/coles-green-beans-prepacked-375g-4829204)

$4.90

$13.07/ 1kg

Add

## Coles Baby Carrots \| 500g

[**Coles Baby Carrots \| 500g**](https://www.coles.com.au/product/coles-baby-carrots-500g-4236122)

$1.90

$3.80/ 1kg

Add

## Coles Kent Pumpkin Cut \| approx. 800g

[**Coles Kent Pumpkin Cut \| approx. 800g**](https://www.coles.com.au/product/coles-kent-pumpkin-cut-approx.-800g-4202540)

$2.80

$3.50/ 1kg

Final price is based on weight

Add

## Coles Vine Ripened Tomatoes \| 500g

[**Coles Vine Ripened Tomatoes \| 500g**](https://www.coles.com.au/product/coles-vine-ripened-tomatoes-500g-4835171)

$3.50

$7.00/ 1kg

Add

## Coles Green Beans Loose \| approx. 200g

[**Coles Green Beans Loose \| approx. 200g**](https://www.coles.com.au/product/coles-green-beans-loose-approx.-200g-407675)

$1.50

$7.50/ 1kg

Final price is based on weight

Add

## Coles Wrapped Butternut Pumpkin \| approx. 700g

[**Coles Wrapped Butternut Pumpkin \| approx. 700g**](https://www.coles.com.au/product/coles-wrapped-butternut-pumpkin-approx.-700g-each-4190600)

$1.75

$2.50/ 1kg

Final price is based on weight

Add

## Coles I'M Perfect Carrots Prepacked \| 1.5kg

[**Coles I'M Perfect Carrots Prepacked \| 1.5kg**](https://www.coles.com.au/product/coles-i'm-perfect-carrots-prepacked-1.5kg-3609392)

$2.60

$1.73/ 1kg

Add

## Coles Sweet Corn \| 3 Pack

[**Coles Sweet Corn \| 3 Pack**](https://www.coles.com.au/product/coles-sweet-corn-3-pack-5806601)

$5.50

$1.83/ 1ea

Add

## Coles Asian Choy Pak \| 1 each

[**Coles Asian Choy Pak \| 1 each**](https://www.coles.com.au/product/coles-asian-choy-pak-1-each-4567039)

$2.90

$2.90/ 1ea

Add

## Coles Red Royale Washed Potatoes \| 2Kg

[**Coles Red Royale Washed Potatoes \| 2Kg**](https://www.coles.com.au/product/coles-red-royale-washed-potatoes-2kg-7963859)

$6.00

$3.00/ 1kg

Add

## Coles Green Asparagus \| 1 each

[**Coles Green Asparagus \| 1 each**](https://www.coles.com.au/product/coles-green-asparagus-1-each-4838737)

$3.80

$3.80/ 1ea

Add

## Coles Cup Mushrooms \| 500g

[**Coles Cup Mushrooms \| 500g**](https://www.coles.com.au/product/coles-cup-mushrooms-500g-4829838)

$7.00

$14.00/ 1kg

Add

## Coles Red Royale Potatoes Loose \| approx. 170g

[**Coles Red Royale Potatoes Loose \| approx. 170g**](https://www.coles.com.au/product/coles-red-royale-potatoes-loose-approx.-170g-1181308)

$0.90

$5.30/ 1kg

Final price is based on weight

Add

## Coles Purple Eggplant \| approx. 500g

[**Coles Purple Eggplant \| approx. 500g**](https://www.coles.com.au/product/coles-purple-eggplant-approx.-500g-4583206)

$3.45

$6.90/ 1kg

Final price is based on weight

Add

## Coles Trimmed Celery Prepacked \| 1 Each

[**Coles Trimmed Celery Prepacked \| 1 Each**](https://www.coles.com.au/product/coles-trimmed-celery-prepacked-1-each-2386281)

$4.10

$4.10/ 1ea

Add

## Coles Ginger Loose \| approx. 130g

[**Coles Ginger Loose \| approx. 130g**](https://www.coles.com.au/product/coles-ginger-loose-approx.-130g-5034484)

$5.07

$39.00/ 1kg

Final price is based on weight

Add

## Coles Sliced Mushrooms \| 200g

[**Coles Sliced Mushrooms \| 200g**](https://www.coles.com.au/product/coles-sliced-mushrooms-200g-5750960)

$4.00

$20.00/ 1kg

Add

## Coles Baby Washed Potatoes \| 1Kg

[**Coles Baby Washed Potatoes \| 1Kg**](https://www.coles.com.au/product/coles-baby-washed-potatoes-1kg-2488485)

$4.50

$4.50/ 1kg

Add

## Coles Perino Entertainer Red Grape Tomatoes \| 350g

[**Coles Perino Entertainer Red Grape Tomatoes \| 350g**](https://www.coles.com.au/product/coles-perino-entertainer-red-grape-tomatoes-350g-5069434)

$5.50

$15.71/ 1kg

**Was $5.90 on Nov 2025**

Add

## Coles Potatoes Creme Royale Brushed \| approx. 200g

[**Coles Potatoes Creme Royale Brushed \| approx. 200g**](https://www.coles.com.au/product/coles-potatoes-creme-royale-brushed-approx.-200g-1022610)

$1.10

$5.50/ 1kg

Final price is based on weight

Add

## Coles Baby Gem Lettuce \| 3 Pack

[**Coles Baby Gem Lettuce \| 3 Pack**](https://www.coles.com.au/product/coles-baby-gem-lettuce-3-pack-2584547)

$4.50

$1.50/ 1ea

Currently unavailable

Shop similar

Browse fresh fruit and vegetables online. Stock up on your favourite seasonal fruit & veg from [apples](https://www.coles.com.au/browse/fruit-vegetables/fruit/apples) and [bananas](https://www.coles.com.au/browse/fruit-vegetables/fruit/bananas) to [avocados](https://www.coles.com.au/browse/fruit-vegetables/fruit/avocados), [tomatoes](https://www.coles.com.au/browse/fruit-vegetables/vegetables/tomatoes) and [broccoli](https://www.coles.com.au/browse/fruit-vegetables/vegetables/broccoli-cauliflower). Buy from Coles online and get home delivery or pick up from a store near you. Make your fruit and vegetables shine with our popular [vegetarian](https://www.coles.com.au/recipes-inspiration/collections/vegetarian-recipes) and [vegan](https://www.coles.com.au/recipes-inspiration/collections/vegan-recipes) recipes.

![](https://ad.doubleclick.net/ddm/activity/src=12772309;type=coles0;cat=coles0;dc_lat=;dc_rdid=;tag_for_child_directed_treatment=;tfua=;npa=;ord=2489113121276.477)[Skip to main content](https://www.coles.com.au/browse/fruit-vegetables/vegetables?page=2#skipto-main-content)

[Skip to product items](https://www.coles.com.au/browse/fruit-vegetables/vegetables?page=2#skipto-product-items)

# Vegetables

[Fruit & Vegetables](https://www.coles.com.au/browse/fruit-vegetables)

1. [Home](https://www.coles.com.au/)
2. [All categories](https://www.coles.com.au/browse)
3. [Fruit & Vegetables](https://www.coles.com.au/browse/fruit-vegetables)
4. Vegetables

Showing Results for "null". 196 results found

Filter by:

- All Specials
- Coles brands
- All
- Brand
- Dietary

49 - 96 of 196 results

Sort by: Best seller

## Coles Perino Red Grape Tomatoes \| 200g

[**Coles Perino Red Grape Tomatoes \| 200g**](https://www.coles.com.au/product/coles-perino-red-grape-tomatoes-200g-7265535)

$3.90

$19.50/ 1kg

Add

![](https://www.coles.com.au/_next/image?url=https%3A%2F%2Fwww.coles.com.au%2Fcontent%2Fdam%2Fcoles%2Fcusp%2F2026-weekly-images%2F14-1-26%2FHeroTile-FruitVeg-1401-updated-compressed.jpg&w=3840&q=90)

![10% off using code summer](https://www.coles.com.au/_next/image?url=https%3A%2F%2Fwww.coles.com.au%2Fcontent%2Fdam%2Fcoles%2Fcusp%2F2026-weekly-images%2F14-1-26%2FHeroTile-Roundel-Padding-10-Summer-1401.png&w=384&q=90)

## Save 10% when you buy 10 selected fruit & veg

Use code SUMMER at checkout to save.

\*Ends 20/1. 2 per customer. Max discount $50. [T&Cs apply](https://www.coles.com.au/offers/fruit-veg#terms "https://www.coles.com.au/offers/fruit-veg#terms").

[Shop now](https://www.coles.com.au/offers/fruit-veg?pid=campaign_aisle_tile_10-off-fruit)

## Coles Gourmet Field Tomatoes \| 1Kg

[**Coles Gourmet Field Tomatoes \| 1Kg**](https://www.coles.com.au/product/coles-gourmet-field-tomatoes-1kg-4640831)

$7.90

$7.90/ 1kg

Add

## Coles Fresh Celery Sticks Prepacked \| 300g

[**Coles Fresh Celery Sticks Prepacked \| 300g**](https://www.coles.com.au/product/coles-fresh-celery-sticks-prepacked-300g-1069160)

$4.80

$16.00/ 1kg

Add

## Coles Garlic Prepack \| 3 pack

[**Coles Garlic Prepack \| 3 pack**](https://www.coles.com.au/product/coles-garlic-prepack-3-pack-8433238)

$3.80

$1.27/ 1ea

Add

## Coles Baby Carisma Potatoes \| 1kg

[**Coles Baby Carisma Potatoes \| 1kg**](https://www.coles.com.au/product/coles-baby-carisma-potatoes-1kg-2488496)

$4.50

$4.50/ 1kg

Add

## Coles Wombok Chinese Cabbage Whole \| 1 Each

[**Coles Wombok Chinese Cabbage Whole \| 1 Each**](https://www.coles.com.au/product/coles-wombok-chinese-cabbage-whole-1-each-4879042)

$4.90

$4.90/ 1ea

Add

## Coles Celery Bunch \| 1 Each

[**Coles Celery Bunch \| 1 Each**](https://www.coles.com.au/product/coles-celery-bunch-1-each-4845732)

$4.00

$4.00/ 1ea

Add

## Coles Grandma's Heirloom Tomatoes Red \| approx. 250g

[**Coles Grandma's Heirloom Tomatoes Red \| approx. 250g**](https://www.coles.com.au/product/coles-grandma's-heirloom-tomatoes-red-approx.-250g-7511416)

$1.98

$7.90/ 1kg

Final price is based on weight

Add

## Coles Half Drumhead Cabbage \| 1 each

[**Coles Half Drumhead Cabbage \| 1 each**](https://www.coles.com.au/product/coles-half-drumhead-cabbage-1-each-3666396)

$4.50

$4.50/ 1ea

Add

## Coles Spud Lite Potatoes \| 1.5Kg

[**Coles Spud Lite Potatoes \| 1.5Kg**](https://www.coles.com.au/product/coles-spud-lite-potatoes-1.5kg-3026441)

$6.50

$4.33/ 1kg

Add

## Coles Leeks Loose \| 1 Each

[**Coles Leeks Loose \| 1 Each**](https://www.coles.com.au/product/coles-leeks-loose-1-each-4595930)

$2.80

$2.80/ 1ea

Add

## Coles Spud Lite Baby Potato \| 750g

[**Coles Spud Lite Baby Potato \| 750g**](https://www.coles.com.au/product/coles-spud-lite-baby-potato-750g-3026260)

$3.50

$4.67/ 1kg

Add

## Coles Mini Asparagus \| 1 Pack

[**Coles Mini Asparagus \| 1 Pack**](https://www.coles.com.au/product/coles-mini-asparagus-1-pack-7124680)

$3.80

$3.80/ 1ea

Add

## Coles Potatoes Washed \| 2kg

[**Coles Potatoes Washed \| 2kg**](https://www.coles.com.au/product/coles-potatoes-washed-2kg-1206748)

$8.00

$4.00/ 1kg

Add

## Coles Mushrooms Cup \| 200g

[**Coles Mushrooms Cup \| 200g**](https://www.coles.com.au/product/coles-mushrooms-cup-200g-4829860)

$4.00

$20.00/ 1kg

Add

## Coles Mushrooms Sliced \| 500g

[**Coles Mushrooms Sliced \| 500g**](https://www.coles.com.au/product/coles-mushrooms-sliced-500g-2728862)

$7.00

$14.00/ 1kg

Add

## Coles Half Cauliflower Precut \| 1 each

[**Coles Half Cauliflower Precut \| 1 each**](https://www.coles.com.au/product/coles-half-cauliflower-precut-1-each-3395313)

$3.50

$3.50/ 1ea

Add

## Coles Family Broccolini \| 1 each

[**Coles Family Broccolini \| 1 each**](https://www.coles.com.au/product/coles-family-broccolini-1-each-4841775)

$6.50

$6.50/ 1ea

Add

## Coles Brown Onion Shallots Loose \| approx. 35g

[**Coles Brown Onion Shallots Loose \| approx. 35g**](https://www.coles.com.au/product/coles-brown-onion-shallots-loose-approx.-35g-each-5134809)

$0.46

$13.00/ 1kg

Final price is based on weight

Add

## Coles Green Cucumber \| 1 each

[**Coles Green Cucumber \| 1 each**](https://www.coles.com.au/product/coles-green-cucumber-1-each-4559314)

$2.80

$2.80/ 1ea

Add

## Coles Cabbage Wombok Precut Half \| 1 each

[**Coles Cabbage Wombok Precut Half \| 1 each**](https://www.coles.com.au/product/coles-cabbage-wombok-precut-half-1-each-3666385)

$3.20

$3.20/ 1ea

Add

## Coles Yellow Capsicum \| approx. 220g

[**Coles Yellow Capsicum \| approx. 220g**](https://www.coles.com.au/product/coles-yellow-capsicum-approx.-220g-7215355)

$2.84

$12.90/ 1kg

Final price is based on weight

Add

## Coles Perino Tomatoes Entertainer Medley \| 350g

[**Coles Perino Tomatoes Entertainer Medley \| 350g**](https://www.coles.com.au/product/coles-perino-tomatoes-entertainer-medley-350g-9129094)

$5.50

$15.71/ 1kg

Add

## Coles Snow Peas Loose \| approx. 100g

[**Coles Snow Peas Loose \| approx. 100g**](https://www.coles.com.au/product/coles-snow-peas-loose-approx.-100g-each-123328)

$1.55

$15.50/ 1kg

Final price is based on weight

Add

## Coles Baby Beetroot Prepacked \| 250g

[**Coles Baby Beetroot Prepacked \| 250g**](https://www.coles.com.au/product/coles-baby-beetroot-prepacked-250g-3256849)

$2.50

$10.00/ 1kg

**Was $3.00 on Nov 2025**

Add

## Coles Lettuce Decorative Green Oak \| 1 Each

[**Coles Lettuce Decorative Green Oak \| 1 Each**](https://www.coles.com.au/product/coles-lettuce-decorative-green-oak-1-each-4596649)

$3.20

$3.20/ 1ea

Add

## Coles Cocktail Truss Tomatoes \| 250g

[**Coles Cocktail Truss Tomatoes \| 250g**](https://www.coles.com.au/product/coles-cocktail-truss-tomatoes-250g-3088176)

$4.50

$18.00/ 1kg

Add

## Coles Half Savoy Cabbage \| 1 each

[**Coles Half Savoy Cabbage \| 1 each**](https://www.coles.com.au/product/coles-half-savoy-cabbage-1-each-3667945)

$4.50

$4.50/ 1ea

Add

## Coles Button Mushrooms \| 200g

[**Coles Button Mushrooms \| 200g**](https://www.coles.com.au/product/coles-button-mushrooms-200g-4829420)

$4.50

$22.50/ 1kg

Add

## Coles Wombok Chinese Cabbage Wombok Petite \| 2 pack

[**Coles Wombok Chinese Cabbage Wombok Petite \| 2 pack**](https://www.coles.com.au/product/coles-wombok-chinese-cabbage-wombok-petite-2-pack-3892103)

$4.50

$2.25/ 1ea

Add

## Coles I'm Perfect Onions Prepack \| 2Kg

[**Coles I'm Perfect Onions Prepack \| 2Kg**](https://www.coles.com.au/product/coles-i'm-perfect-onions-prepack-2kg-9964284)

$5.00

$2.50/ 1kg

Add

## Coles Portobello Mushrooms \| approx. 200g

[**Coles Portobello Mushrooms \| approx. 200g**](https://www.coles.com.au/product/coles-portobello-mushrooms-approx.-200g-4590573)

$2.70

$13.50/ 1kg

Final price is based on weight

Add

## Coles Kale Bunch Green \| 1 Each

[**Coles Kale Bunch Green \| 1 Each**](https://www.coles.com.au/product/coles-kale-bunch-green-1-each-8696598)

$4.50

$4.50/ 1ea

Add

## Coles I'm Perfect Sweet Potato \| 1.5kg

[**Coles I'm Perfect Sweet Potato \| 1.5kg**](https://www.coles.com.au/product/coles-i'm-perfect-sweet-potato-1.5kg-3616751)

$3.90

$2.60/ 1kg

Currently unavailable

Shop similar

## Coles Roma Tomatoes \| 480g

[**Coles Roma Tomatoes \| 480g**](https://www.coles.com.au/product/coles-roma-tomatoes-480g-3997189)

$5.50

$11.46/ 1kg

Add

## Coles Beetroot Loose \| approx. 170g

[**Coles Beetroot Loose \| approx. 170g**](https://www.coles.com.au/product/coles-beetroot-loose-approx.-170g-each-5288711)

$1.10

$6.50/ 1kg

Final price is based on weight

Add

## Coles Snow Peas Prepacked \| 250g

[**Coles Snow Peas Prepacked \| 250g**](https://www.coles.com.au/product/coles-snow-peas-prepacked-250g-7701375)

$5.80

$23.20/ 1kg

Add

## Coles Roma Tomatoes Loose \| approx. 70g

[**Coles Roma Tomatoes Loose \| approx. 70g**](https://www.coles.com.au/product/coles-roma-tomatoes-loose-approx.-70g-4594712)

$0.55

$7.90/ 1kg

Final price is based on weight

Add

## Coles Mini Capsicum \| 175g

[**Coles Mini Capsicum \| 175g**](https://www.coles.com.au/product/coles-mini-capsicum-175g-7296299)

$5.90

$33.71/ 1kg

Add

## Coles Half Red Cabbage \| 1 each

[**Coles Half Red Cabbage \| 1 each**](https://www.coles.com.au/product/coles-half-red-cabbage-1-each-3668020)

$4.50

$4.50/ 1ea

Add

## Coles Tomatoes Cherry Vine Ripened \| 200g

[**Coles Tomatoes Cherry Vine Ripened \| 200g**](https://www.coles.com.au/product/coles-tomatoes-cherry-vine-ripened-200g-8003851)

$3.70

$18.50/ 1kg

Add

## Coles Flat Mushrooms Loose \| approx. 350g

[**Coles Flat Mushrooms Loose \| approx. 350g**](https://www.coles.com.au/product/coles-flat-mushrooms-loose-approx.-350g-4594031)

$4.72

$13.50/ 1kg

Final price is based on weight

Add

## Coles Sugar Snap Peas Medium \| 150g

[**Coles Sugar Snap Peas Medium \| 150g**](https://www.coles.com.au/product/coles-sugar-snap-peas-medium-150g-4619289)

$3.20

$21.33/ 1kg

Add

## Coles Asian Choy Sum \| 1 each

[**Coles Asian Choy Sum \| 1 each**](https://www.coles.com.au/product/coles-asian-choy-sum-1-each-4567323)

$2.90

$2.90/ 1ea

Add

## Coles Organic Carrots \| 1kg

[**Coles Organic Carrots \| 1kg**](https://www.coles.com.au/product/coles-organic-carrots-1kg-5016904)

$5.80

$5.80/ 1kg

Add

## Coles Carisma Washed Potatoes \| 2kg

[**Coles Carisma Washed Potatoes \| 2kg**](https://www.coles.com.au/product/coles-carisma-washed-potatoes-2kg-7712327)

$8.00

$4.00/ 1kg

Add

## Coles Mini Tomatoes \| 125g

[**Coles Mini Tomatoes \| 125g**](https://www.coles.com.au/product/coles-mini-tomatoes-125g-4488464)

$4.00

$32.00/ 1kg

Add

## Coles Asian Choy Buk \| 1 each

[**Coles Asian Choy Buk \| 1 each**](https://www.coles.com.au/product/coles-asian-choy-buk-1-each-4565907)

$2.90

$2.90/ 1ea

Add

Browse fresh fruit and vegetables online. Stock up on your favourite seasonal fruit & veg from [apples](https://www.coles.com.au/browse/fruit-vegetables/fruit/apples) and [bananas](https://www.coles.com.au/browse/fruit-vegetables/fruit/bananas) to [avocados](https://www.coles.com.au/browse/fruit-vegetables/fruit/avocados), [tomatoes](https://www.coles.com.au/browse/fruit-vegetables/vegetables/tomatoes) and [broccoli](https://www.coles.com.au/browse/fruit-vegetables/vegetables/broccoli-cauliflower). Buy from Coles online and get home delivery or pick up from a store near you. Make your fruit and vegetables shine with our popular [vegetarian](https://www.coles.com.au/recipes-inspiration/collections/vegetarian-recipes) and [vegan](https://www.coles.com.au/recipes-inspiration/collections/vegan-recipes) recipes.[Skip to main content](https://www.coles.com.au/browse/fruit-vegetables/vegetables?page=3#skipto-main-content)

[Skip to product items](https://www.coles.com.au/browse/fruit-vegetables/vegetables?page=3#skipto-product-items)

# Vegetables

[Fruit & Vegetables](https://www.coles.com.au/browse/fruit-vegetables)

1. [Home](https://www.coles.com.au/)
2. [All categories](https://www.coles.com.au/browse)
3. [Fruit & Vegetables](https://www.coles.com.au/browse/fruit-vegetables)
4. Vegetables

Showing Results for "null". 196 results found

Filter by:

- All Specials
- Coles brands
- All
- Brand
- Dietary

97 - 144 of 196 results

Sort by: Best seller

## Coles Corn Cobettes \| 400g

[**Coles Corn Cobettes \| 400g**](https://www.coles.com.au/product/coles-corn-cobettes-400g-4150570)

$6.50

$16.25/ 1kg

Add

![](https://www.coles.com.au/_next/image?url=https%3A%2F%2Fwww.coles.com.au%2Fcontent%2Fdam%2Fcoles%2Fcusp%2F2026-weekly-images%2F14-1-26%2FHeroTile-FruitVeg-1401-updated-compressed.jpg&w=3840&q=90)

![10% off using code summer](https://www.coles.com.au/_next/image?url=https%3A%2F%2Fwww.coles.com.au%2Fcontent%2Fdam%2Fcoles%2Fcusp%2F2026-weekly-images%2F14-1-26%2FHeroTile-Roundel-Padding-10-Summer-1401.png&w=384&q=90)

## Save 10% when you buy 10 selected fruit & veg

Use code SUMMER at checkout to save.

\*Ends 20/1. 2 per customer. Max discount $50. [T&Cs apply](https://www.coles.com.au/offers/fruit-veg#terms "https://www.coles.com.au/offers/fruit-veg#terms").

[Shop now](https://www.coles.com.au/offers/fruit-veg?pid=campaign_aisle_tile_10-off-fruit)

## Coles Snacking Carrots \| 250g

[**Coles Snacking Carrots \| 250g**](https://www.coles.com.au/product/coles-snacking-carrots-250g-6309511)

$3.90

$15.60/ 1kg

Add

## Coles Crunchy Cos Lettuce \| 1 Pack

[**Coles Crunchy Cos Lettuce \| 1 Pack**](https://www.coles.com.au/product/coles-crunchy-cos-lettuce-1-pack-8082971)

$3.00

$3.00/ 1ea

Add

## Coles Organic Baby Spinach \| 100g

[**Coles Organic Baby Spinach \| 100g**](https://www.coles.com.au/product/coles-organic-baby-spinach-100g-2725922)

$4.80

$48.00/ 1kg

Add

## Coles Brussels Sprouts Medium \| approx. 200g

[**Coles Brussels Sprouts Medium \| approx. 200g**](https://www.coles.com.au/product/coles-brussels-sprouts-medium-approx.-200g-407766)

$3.98

$19.90/ 1kg

Final price is based on weight

Add

## Coles I'm Perfect Potatoes Imperfect \| 4Kg

[**Coles I'm Perfect Potatoes Imperfect \| 4Kg**](https://www.coles.com.au/product/coles-i'm-perfect-potatoes-imperfect-4kg-9852032)

$10.00

$2.50/ 1kg

Add

## Coles Brushed Potatoes \| 4Kg

[**Coles Brushed Potatoes \| 4Kg**](https://www.coles.com.au/product/coles-brushed-potatoes-4kg-3958530)

$9.00

$2.25/ 1kg

Add

## Coles Radish Bunch \| 1 Each

[**Coles Radish Bunch \| 1 Each**](https://www.coles.com.au/product/coles-radish-bunch-1-each-4911870)

$3.50

$3.50/ 1ea

Add

## Coles Perino Noir Grape Tomatoes \| 200g

[**Coles Perino Noir Grape Tomatoes \| 200g**](https://www.coles.com.au/product/coles-perino-noir-grape-tomatoes-200g-5079482)

$3.90

$19.50/ 1kg

Add

## Coles Symphony Lettuce Decorative \| 1 each

[**Coles Symphony Lettuce Decorative \| 1 each**](https://www.coles.com.au/product/coles-symphony-lettuce-decorative-1-each-9135406)

$3.20

$3.20/ 1ea

Add

## Coles Organic Broccoli \| 500g

[**Coles Organic Broccoli \| 500g**](https://www.coles.com.au/product/coles-organic-broccoli-500g-3048820)

$6.50

$13.00/ 1kg

Add

## Coles Kestrel Washed Potatoes \| 2Kg

[**Coles Kestrel Washed Potatoes \| 2Kg**](https://www.coles.com.au/product/coles-kestrel-washed-potatoes-2kg-2743866)

$8.00

$4.00/ 1kg

Add

## Coles Cauliflower Half \| 1 each

[**Coles Cauliflower Half \| 1 each**](https://www.coles.com.au/product/coles-cauliflower-half-1-each-4601320)

$3.50

$3.50/ 1ea

Add

## Coles Sweet Pointed Capsicums Red \| 1 each

[**Coles Sweet Pointed Capsicums Red \| 1 each**](https://www.coles.com.au/product/coles-sweet-pointed-capsicums-red-1-each-7514130)

$3.90

$3.90/ 1ea

Add

## Coles Kitchen Australian Diced Butternut Pumpkin \| 500g

[**Coles Kitchen Australian Diced Butternut Pumpkin \| 500g**](https://www.coles.com.au/product/coles-kitchen-australian-diced-butternut-pumpkin-500g-2859066)

$5.00

$10.00/ 1kg

Add

## Coles Butternut Pumpkin Whole \| approx. 2kg

[**Coles Butternut Pumpkin Whole \| approx. 2kg**](https://www.coles.com.au/product/coles-butternut-pumpkin-whole-approx.-2kg-each-4183423)

$5.00

$2.50/ 1kg

Final price is based on weight

Add

## Coles Mushrooms Sliced Brown \| 200g

[**Coles Mushrooms Sliced Brown \| 200g**](https://www.coles.com.au/product/coles-mushrooms-sliced-brown-200g-6467068)

$5.70

$28.50/ 1kg

Add

## Spudlite Microwave Bag \| 350g

[**Spudlite Microwave Bag \| 350g**](https://www.coles.com.au/product/spudlite-microwave-bag-350g-1311710)

$2.90

$8.29/ 1kg

Add

## Coles Garlic Paste \| 140g

[**Coles Garlic Paste \| 140g**](https://www.coles.com.au/product/coles-garlic-paste-140g-3329079)

$4.50

$0.32/ 10g

Add

## Coles Tomatoes Kumato \| 500g

[**Coles Tomatoes Kumato \| 500g**](https://www.coles.com.au/product/coles-tomatoes-kumato-500g-8933048)

$5.50

$11.00/ 1kg

Add

## Coles Brussels Sprouts Prepack \| 400g

[**Coles Brussels Sprouts Prepack \| 400g**](https://www.coles.com.au/product/coles-brussels-sprouts-prepack-400g-9323257)

$8.90

$22.25/ 1kg

Add

## Coles Brushed Potatoes \| 2Kg

[**Coles Brushed Potatoes \| 2Kg**](https://www.coles.com.au/product/coles-brushed-potatoes-2kg-3958573)

$7.50

$3.75/ 1kg

Add

## Coles Cos Lettuce Head \| 1 each

[**Coles Cos Lettuce Head \| 1 each**](https://www.coles.com.au/product/coles-cos-lettuce-head-1-each-8791125)

$3.50

$3.50/ 1ea

Add

## Coles Brown Mushrooms Prepacked \| 200g

[**Coles Brown Mushrooms Prepacked \| 200g**](https://www.coles.com.au/product/coles-brown-mushrooms-prepacked-200g-4829703)

$5.70

$28.50/ 1kg

Add

## Coles Australian Baby Capsicums \| 350g

[**Coles Australian Baby Capsicums \| 350g**](https://www.coles.com.au/product/coles-australian-baby-capsicums-350g-3066275)

$11.90

$34.00/ 1kg

Add

## Coles Grandma's Heirloom Tomatoes Black \| approx. 200g

[**Coles Grandma's Heirloom Tomatoes Black \| approx. 200g**](https://www.coles.com.au/product/coles-grandma's-heirloom-tomatoes-black-approx.-200g-7511380)

$1.58

$7.90/ 1kg

Final price is based on weight

Add

## Coles Brussel Sprouts Baby \| 200g

[**Coles Brussel Sprouts Baby \| 200g**](https://www.coles.com.au/product/coles-brussel-sprouts-baby-200g-9989810)

$5.90

$29.50/ 1kg

Add

## Coles Drumhead Cabbage Mini \| 1 Each

[**Coles Drumhead Cabbage Mini \| 1 Each**](https://www.coles.com.au/product/coles-drumhead-cabbage-mini-1-each-1475874)

$6.90

$6.90/ 1ea

Add

## Coles Brown Mushrooms Loose \| approx. 200g

[**Coles Brown Mushrooms Loose \| approx. 200g**](https://www.coles.com.au/product/coles-brown-mushrooms-loose-approx.-200g-4590551)

$3.10

$15.50/ 1kg

Final price is based on weight

Add

## Coles Kitchen Vegetables Baby Potatoes Herb Butter \| 400g

[**Coles Kitchen Vegetables Baby Potatoes Herb Butter \| 400g**](https://www.coles.com.au/product/coles-kitchen-vegetables-baby-potatoes-herb-butter-400g-8164806)

$5.50

$13.75/ 1kg

Add

## Coles Organic Baby Salad Leaves Lettuce Mix \| 100g

[**Coles Organic Baby Salad Leaves Lettuce Mix \| 100g**](https://www.coles.com.au/product/coles-organic-baby-salad-leaves-lettuce-mix-100g-2724760)

$4.90

$49.00/ 1kg

Add

## Coles Organic Rocket \| 100g

[**Coles Organic Rocket \| 100g**](https://www.coles.com.au/product/coles-organic-rocket-100g-2724828)

$4.90

$49.00/ 1kg

Add

## Coles Kitchen Creme Royale Potato Mash \| 350g

[**Coles Kitchen Creme Royale Potato Mash \| 350g**](https://www.coles.com.au/product/coles-kitchen-creme-royale-potato-mash-350g-2679519)

$5.50

$15.71/ 1kg

Add

## Coles Organic Zucchini \| 500g

[**Coles Organic Zucchini \| 500g**](https://www.coles.com.au/product/coles-organic-zucchini-500g-5032219)

$6.50

$13.00/ 1kg

Add

## Coles Organic Baby Cos Lettuce \| 2 Pack

[**Coles Organic Baby Cos Lettuce \| 2 Pack**](https://www.coles.com.au/product/coles-organic-baby-cos-lettuce-2-pack-9210035)

$5.00

$2.50/ 1ea

Add

## Coles Parsnips Loose \| approx. 200g

[**Coles Parsnips Loose \| approx. 200g**](https://www.coles.com.au/product/coles-parsnips-loose-approx.-200g-5298748)

$2.40

$12.00/ 1kg

Final price is based on weight

Add

## Coles Lettuce Decorative Oak Red \| 1 each

[**Coles Lettuce Decorative Oak Red \| 1 each**](https://www.coles.com.au/product/coles-lettuce-decorative-oak-red-1-each-4596456)

$3.20

$3.20/ 1ea

Add

## Coles Silverbeet Medium \| 1 Each

[**Coles Silverbeet Medium \| 1 Each**](https://www.coles.com.au/product/coles-silverbeet-medium-1-each-408383)

$4.80

$4.80/ 1ea

Add

## Coles Organic Spring Onions \| 1 Each

[**Coles Organic Spring Onions \| 1 Each**](https://www.coles.com.au/product/coles-organic-spring-onions-1-each-5011831)

$5.50

$5.50/ 1ea

Add

## Coles Salad Onions \| 1 each

[**Coles Salad Onions \| 1 each**](https://www.coles.com.au/product/coles-salad-onions-1-each-54972)

$5.80

$5.80/ 1ea

Add

## Coles White Flat Mushrooms \| 375g

[**Coles White Flat Mushrooms \| 375g**](https://www.coles.com.au/product/coles-white-flat-mushrooms-375g-4835466)

$7.00

$18.67/ 1kg

Add

## Coles Organic Green Beans \| 250g

[**Coles Organic Green Beans \| 250g**](https://www.coles.com.au/product/coles-organic-green-beans-250g-9861850)

$6.50

$26.00/ 1kg

Add

## Coles Organic Pumpkin Kent \| approx. 800g

[**Coles Organic Pumpkin Kent \| approx. 800g**](https://www.coles.com.au/product/coles-organic-pumpkin-kent-approx.-800g-3119043)

$5.20

$6.50/ 1kg

Final price is based on weight

Add

## Coles Organic Choy Pack \| 1 Bunch

[**Coles Organic Choy Pack \| 1 Bunch**](https://www.coles.com.au/product/coles-organic-choy-pack-1-bunch-5017430)

$5.50

$5.50/ 1ea

Add

## Coles Dutch Carrots \| 1 each

[**Coles Dutch Carrots \| 1 each**](https://www.coles.com.au/product/coles-dutch-carrots-1-each-4924034)

$5.80

$5.80/ 1ea

Add

## Coles Organic Cabbage Whole \| 1 Each

[**Coles Organic Cabbage Whole \| 1 Each**](https://www.coles.com.au/product/coles-organic-cabbage-whole-1-each-7233448)

$6.90

$6.90/ 1ea

Add

## Coles Organic Sweet Corn \| 3 Pack

[**Coles Organic Sweet Corn \| 3 Pack**](https://www.coles.com.au/product/coles-organic-sweet-corn-3-pack-2985377)

$7.90

$2.63/ 1ea

Add

## Coles Mix-a-mato Grape Tomatoes \| 300g

[**Coles Mix-a-mato Grape Tomatoes \| 300g**](https://www.coles.com.au/product/coles-mix-a-mato-grape-tomatoes-300g-3835890)

$5.90

$19.67/ 1kg

Add

Browse fresh fruit and vegetables online. Stock up on your favourite seasonal fruit & veg from [apples](https://www.coles.com.au/browse/fruit-vegetables/fruit/apples) and [bananas](https://www.coles.com.au/browse/fruit-vegetables/fruit/bananas) to [avocados](https://www.coles.com.au/browse/fruit-vegetables/fruit/avocados), [tomatoes](https://www.coles.com.au/browse/fruit-vegetables/vegetables/tomatoes) and [broccoli](https://www.coles.com.au/browse/fruit-vegetables/vegetables/broccoli-cauliflower). Buy from Coles online and get home delivery or pick up from a store near you. Make your fruit and vegetables shine with our popular [vegetarian](https://www.coles.com.au/recipes-inspiration/collections/vegetarian-recipes) and [vegan](https://www.coles.com.au/recipes-inspiration/collections/vegan-recipes) recipes.