Collect from **Ashcroft's IGA Erskine Park**

Change?

[Fruit and Vegetable](https://www.igashop.com.au/categories/fruit-and-vegetable)[Vegetables](https://www.igashop.com.au/categories/fruit-and-vegetable/vegetables/1)

## Vegetables (107)

Filters

Sort By: Relevance

Product Filters

Brand

Australian Grown

Avofresh

Bendigo Fresh

Coolibah

Category

Broccoli, Cauliflower and Cabbage

Carrots and Other Root Vegetables

Cucumber, Zuchinni and Eggplant

Garlic, Chillies and Fresh Herbs

Onions, Potatoes and Pumpkin

Peas, Beans, Corn and Asparagus

Salad Bags

Spinach, Lettuce, Greens and Kale

Tomatoes, Avocados, Capsicum and Mushrooms

[![ Baby Capsicums](https://www.igashop.com.au/static/default-product-image.png)](https://www.igashop.com.au/product/baby-capsicums-1800000069176)

[Baby Capsicums175 Gram](https://www.igashop.com.au/product/baby-capsicums-1800000069176)

$5.90

$3.37per 100g

Add to Cart

[![ Enoki Mushrooms](https://www.igashop.com.au/static/default-product-image.png)](https://www.igashop.com.au/product/enoki-mushrooms-1800000069177)

[Enoki Mushrooms300 Gram](https://www.igashop.com.au/product/enoki-mushrooms-1800000069177)

$5.90

$1.97per 100g

Add to Cart

[![ Fresh Baby Corn](https://www.igashop.com.au/static/default-product-image.png)](https://www.igashop.com.au/product/fresh-baby-corn-1800000069180)

[Fresh Baby Corn115 Gram](https://www.igashop.com.au/product/fresh-baby-corn-1800000069180)

$4.90

$4.26per 100g

Add to Cart

[![ Sweet Corn](https://www.igashop.com.au/static/default-product-image.png)](https://www.igashop.com.au/product/sweet-corn-1800000069181)

40% Off

[Sweet Corn500 Gram](https://www.igashop.com.au/product/sweet-corn-1800000069181)

was $6.90

$4.00

$0.80per 100g

Add to Cart

[![Alfalfa Beanshoots](https://www.igashop.com.au/static/default-product-image.png)](https://www.igashop.com.au/product/alfalfa-beanshoots-180000000654)

[Alfalfa Beanshoots250 Gram](https://www.igashop.com.au/product/alfalfa-beanshoots-180000000654)

$1.90

$0.76per 100g

Add to Cart

[![Australian Grown Baby Beetroot](https://www.igashop.com.au/static/default-product-image.png)](https://www.igashop.com.au/product/australian-grown-baby-beetroot-746033)

[Australian Grown Baby Beetroot250 Gram](https://www.igashop.com.au/product/australian-grown-baby-beetroot-746033)

$4.90

$1.96per 100g

Add to Cart

[![Avofresh Avocado](https://www.igashop.com.au/static/default-product-image.png)](https://www.igashop.com.au/product/avofresh-avocado-180000001388)

[Avofresh Avocado160 Gram](https://www.igashop.com.au/product/avofresh-avocado-180000001388)

$6.90

$4.31per 100g

Add to Cart

[![Avofresh Avocado Lime & Black Pepper](https://www.igashop.com.au/static/default-product-image.png)](https://www.igashop.com.au/product/avofresh-avocado-lime-black-pepper-1800000070501)

[Avofresh Avocado Lime & Black Pepper160 Gram](https://www.igashop.com.au/product/avofresh-avocado-lime-black-pepper-1800000070501)

$6.90

$4.31per 100g

Add to Cart

[![Avofresh Avocado Smashed](https://www.igashop.com.au/static/default-product-image.png)](https://www.igashop.com.au/product/avofresh-avocado-smashed-644561)

[Avofresh Avocado Smashed160 Gram](https://www.igashop.com.au/product/avofresh-avocado-smashed-644561)

$6.90

$4.31per 100g

Add to Cart

[![Avofresh Chunky Lemon](https://www.igashop.com.au/static/default-product-image.png)](https://www.igashop.com.au/product/avofresh-chunky-lemon-180000002046)

[Avofresh Chunky Lemon160 Gram](https://www.igashop.com.au/product/avofresh-chunky-lemon-180000002046)

$6.90

$4.31per 100g

Add to Cart

[![Avofresh Classic Guacamole](https://www.igashop.com.au/static/default-product-image.png)](https://www.igashop.com.au/product/avofresh-classic-guacamole-180000002047)

[Avofresh Classic Guacamole160 Gram](https://www.igashop.com.au/product/avofresh-classic-guacamole-180000002047)

$6.90

$4.31per 100g

Add to Cart

[![Avofrsh Avocado Soft Lemon](https://www.igashop.com.au/static/default-product-image.png)](https://www.igashop.com.au/product/avofrsh-avocado-soft-lemon-180000006115)

[Avofrsh Avocado Soft Lemon160 Gram](https://www.igashop.com.au/product/avofrsh-avocado-soft-lemon-180000006115)

$6.90

$4.31per 100g

Add to Cart

[![Baby Beetroot Prepack](https://www.igashop.com.au/static/default-product-image.png)](https://www.igashop.com.au/product/baby-beetroot-prepack-80050129)

[Baby Beetroot Prepack](https://www.igashop.com.au/product/baby-beetroot-prepack-80050129)

$4.90

Add to Cart

[![Baby Broccoli Bunch](https://www.igashop.com.au/static/default-product-image.png)](https://www.igashop.com.au/product/baby-broccoli-bunch-80050001)

[Baby Broccoli Bunch](https://www.igashop.com.au/product/baby-broccoli-bunch-80050001)

$3.90

Add to Cart

[![Baby Corn Prepack](https://www.igashop.com.au/static/default-product-image.png)](https://www.igashop.com.au/product/baby-corn-prepack-80050130)

[Baby Corn Prepack](https://www.igashop.com.au/product/baby-corn-prepack-80050130)

$4.90

Add to Cart

[![Basil Bunch](https://www.igashop.com.au/static/default-product-image.png)](https://www.igashop.com.au/product/basil-bunch-80050078)

[Basil Bunch](https://www.igashop.com.au/product/basil-bunch-80050078)

$5.90

Add to Cart

[![Bendigo Fresh Midi Cos Lettuce](https://www.igashop.com.au/static/default-product-image.png)](https://www.igashop.com.au/product/bendigo-fresh-midi-cos-lettuce-180000002150)

[Bendigo Fresh Midi Cos Lettuce](https://www.igashop.com.au/product/bendigo-fresh-midi-cos-lettuce-180000002150)

$3.90

Add to Cart

[![Bok Choy Asian Greens](https://www.igashop.com.au/static/default-product-image.png)](https://www.igashop.com.au/product/bok-choy-asian-greens-80050005)

[Bok Choy Asian Greens](https://www.igashop.com.au/product/bok-choy-asian-greens-80050005)

$3.90

Add to Cart

[![Broccoli Floret](https://www.igashop.com.au/static/default-product-image.png)](https://www.igashop.com.au/product/broccoli-floret-80060003)

[Broccoli Floret340 Gram](https://www.igashop.com.au/product/broccoli-floret-80060003)

Final cost based on weight

$2.69

avg

ea

$7.90per kg

Add to Cart

[![Broccolini Bunch](https://www.igashop.com.au/static/default-product-image.png)](https://www.igashop.com.au/product/broccolini-bunch-80050004)

[Broccolini Bunch](https://www.igashop.com.au/product/broccolini-bunch-80050004)

$3.90

Add to Cart

IGA Shop Online

## Welcome to IGA

Select your store

## Welcome

How Would You Like To Shop?

PickupDeliveryShopping List

Choose your pick up location

To load choices from a previous shopor create a new account

Sign In / RegisterBrowse as a guest

CloseCollect from **Ashcroft's IGA Erskine Park**

Change?

[Fruit and Vegetable](https://www.igashop.com.au/categories/fruit-and-vegetable)[Vegetables](https://www.igashop.com.au/categories/fruit-and-vegetable/vegetables/1)

## Vegetables (107)

Filters

Sort By: Relevance

Product Filters

Brand

Australian Grown

Avofresh

Bendigo Fresh

Coolibah

Category

Broccoli, Cauliflower and Cabbage

Carrots and Other Root Vegetables

Cucumber, Zuchinni and Eggplant

Garlic, Chillies and Fresh Herbs

Onions, Potatoes and Pumpkin

Peas, Beans, Corn and Asparagus

Salad Bags

Spinach, Lettuce, Greens and Kale

Tomatoes, Avocados, Capsicum and Mushrooms

[![ Baby Capsicums](https://www.igashop.com.au/static/default-product-image.png)](https://www.igashop.com.au/product/baby-capsicums-1800000069176)

[Baby Capsicums175 Gram](https://www.igashop.com.au/product/baby-capsicums-1800000069176)

$5.90

$3.37per 100g

Add to Cart

[![ Enoki Mushrooms](https://www.igashop.com.au/static/default-product-image.png)](https://www.igashop.com.au/product/enoki-mushrooms-1800000069177)

[Enoki Mushrooms300 Gram](https://www.igashop.com.au/product/enoki-mushrooms-1800000069177)

$5.90

$1.97per 100g

Add to Cart

[![ Fresh Baby Corn](https://www.igashop.com.au/static/default-product-image.png)](https://www.igashop.com.au/product/fresh-baby-corn-1800000069180)

[Fresh Baby Corn115 Gram](https://www.igashop.com.au/product/fresh-baby-corn-1800000069180)

$4.90

$4.26per 100g

Add to Cart

[![ Sweet Corn](https://www.igashop.com.au/static/default-product-image.png)](https://www.igashop.com.au/product/sweet-corn-1800000069181)

40% Off

[Sweet Corn500 Gram](https://www.igashop.com.au/product/sweet-corn-1800000069181)

was $6.90

$4.00

$0.80per 100g

Add to Cart

[![Alfalfa Beanshoots](https://www.igashop.com.au/static/default-product-image.png)](https://www.igashop.com.au/product/alfalfa-beanshoots-180000000654)

[Alfalfa Beanshoots250 Gram](https://www.igashop.com.au/product/alfalfa-beanshoots-180000000654)

$1.90

$0.76per 100g

Add to Cart

[![Australian Grown Baby Beetroot](https://www.igashop.com.au/static/default-product-image.png)](https://www.igashop.com.au/product/australian-grown-baby-beetroot-746033)

[Australian Grown Baby Beetroot250 Gram](https://www.igashop.com.au/product/australian-grown-baby-beetroot-746033)

$4.90

$1.96per 100g

Add to Cart

[![Avofresh Avocado](https://www.igashop.com.au/static/default-product-image.png)](https://www.igashop.com.au/product/avofresh-avocado-180000001388)

[Avofresh Avocado160 Gram](https://www.igashop.com.au/product/avofresh-avocado-180000001388)

$6.90

$4.31per 100g

Add to Cart

[![Avofresh Avocado Lime & Black Pepper](https://www.igashop.com.au/static/default-product-image.png)](https://www.igashop.com.au/product/avofresh-avocado-lime-black-pepper-1800000070501)

[Avofresh Avocado Lime & Black Pepper160 Gram](https://www.igashop.com.au/product/avofresh-avocado-lime-black-pepper-1800000070501)

$6.90

$4.31per 100g

Add to Cart

[![Avofresh Avocado Smashed](https://www.igashop.com.au/static/default-product-image.png)](https://www.igashop.com.au/product/avofresh-avocado-smashed-644561)

[Avofresh Avocado Smashed160 Gram](https://www.igashop.com.au/product/avofresh-avocado-smashed-644561)

$6.90

$4.31per 100g

Add to Cart

[![Avofresh Chunky Lemon](https://www.igashop.com.au/static/default-product-image.png)](https://www.igashop.com.au/product/avofresh-chunky-lemon-180000002046)

[Avofresh Chunky Lemon160 Gram](https://www.igashop.com.au/product/avofresh-chunky-lemon-180000002046)

$6.90

$4.31per 100g

Add to Cart

[![Avofresh Classic Guacamole](https://www.igashop.com.au/static/default-product-image.png)](https://www.igashop.com.au/product/avofresh-classic-guacamole-180000002047)

[Avofresh Classic Guacamole160 Gram](https://www.igashop.com.au/product/avofresh-classic-guacamole-180000002047)

$6.90

$4.31per 100g

Add to Cart

[![Avofrsh Avocado Soft Lemon](https://www.igashop.com.au/static/default-product-image.png)](https://www.igashop.com.au/product/avofrsh-avocado-soft-lemon-180000006115)

[Avofrsh Avocado Soft Lemon160 Gram](https://www.igashop.com.au/product/avofrsh-avocado-soft-lemon-180000006115)

$6.90

$4.31per 100g

Add to Cart

[![Baby Beetroot Prepack](https://www.igashop.com.au/static/default-product-image.png)](https://www.igashop.com.au/product/baby-beetroot-prepack-80050129)

[Baby Beetroot Prepack](https://www.igashop.com.au/product/baby-beetroot-prepack-80050129)

$4.90

Add to Cart

[![Baby Broccoli Bunch](https://www.igashop.com.au/static/default-product-image.png)](https://www.igashop.com.au/product/baby-broccoli-bunch-80050001)

[Baby Broccoli Bunch](https://www.igashop.com.au/product/baby-broccoli-bunch-80050001)

$3.90

Add to Cart

[![Baby Corn Prepack](https://www.igashop.com.au/static/default-product-image.png)](https://www.igashop.com.au/product/baby-corn-prepack-80050130)

[Baby Corn Prepack](https://www.igashop.com.au/product/baby-corn-prepack-80050130)

$4.90

Add to Cart

[![Basil Bunch](https://www.igashop.com.au/static/default-product-image.png)](https://www.igashop.com.au/product/basil-bunch-80050078)

[Basil Bunch](https://www.igashop.com.au/product/basil-bunch-80050078)

$5.90

Add to Cart

[![Bendigo Fresh Midi Cos Lettuce](https://www.igashop.com.au/static/default-product-image.png)](https://www.igashop.com.au/product/bendigo-fresh-midi-cos-lettuce-180000002150)

[Bendigo Fresh Midi Cos Lettuce](https://www.igashop.com.au/product/bendigo-fresh-midi-cos-lettuce-180000002150)

$3.90

Add to Cart

[![Bok Choy Asian Greens](https://www.igashop.com.au/static/default-product-image.png)](https://www.igashop.com.au/product/bok-choy-asian-greens-80050005)

[Bok Choy Asian Greens](https://www.igashop.com.au/product/bok-choy-asian-greens-80050005)

$3.90

Add to Cart

[![Broccoli Floret](https://www.igashop.com.au/static/default-product-image.png)](https://www.igashop.com.au/product/broccoli-floret-80060003)

[Broccoli Floret340 Gram](https://www.igashop.com.au/product/broccoli-floret-80060003)

Final cost based on weight

$2.69

avg

ea

$7.90per kg

Add to Cart

[![Broccolini Bunch](https://www.igashop.com.au/static/default-product-image.png)](https://www.igashop.com.au/product/broccolini-bunch-80050004)

[Broccolini Bunch](https://www.igashop.com.au/product/broccolini-bunch-80050004)

$3.90

Add to Cart

IGA Shop Online

## Welcome to IGA

Select your store

## Welcome

How Would You Like To Shop?

PickupDeliveryShopping List

Choose your pick up location

To load choices from a previous shopor create a new account

Sign In / RegisterBrowse as a guest

CloseCollect from **Ashcroft's IGA Erskine Park**

Change?

[Fruit and Vegetable](https://www.igashop.com.au/categories/fruit-and-vegetable)[Vegetables](https://www.igashop.com.au/categories/fruit-and-vegetable/vegetables/1)

## Vegetables (107)

Filters

Sort By: Relevance

Product Filters

Brand

Australian Grown

Avofresh

Bendigo Fresh

Coolibah

Category

Broccoli, Cauliflower and Cabbage

Carrots and Other Root Vegetables

Cucumber, Zuchinni and Eggplant

Garlic, Chillies and Fresh Herbs

Onions, Potatoes and Pumpkin

Peas, Beans, Corn and Asparagus

Salad Bags

Spinach, Lettuce, Greens and Kale

Tomatoes, Avocados, Capsicum and Mushrooms

[![ Baby Capsicums](https://www.igashop.com.au/static/default-product-image.png)](https://www.igashop.com.au/product/baby-capsicums-1800000069176)

[Baby Capsicums175 Gram](https://www.igashop.com.au/product/baby-capsicums-1800000069176)

$5.90

$3.37per 100g

Add to Cart

[![ Enoki Mushrooms](https://www.igashop.com.au/static/default-product-image.png)](https://www.igashop.com.au/product/enoki-mushrooms-1800000069177)

[Enoki Mushrooms300 Gram](https://www.igashop.com.au/product/enoki-mushrooms-1800000069177)

$5.90

$1.97per 100g

Add to Cart

[![ Fresh Baby Corn](https://www.igashop.com.au/static/default-product-image.png)](https://www.igashop.com.au/product/fresh-baby-corn-1800000069180)

[Fresh Baby Corn115 Gram](https://www.igashop.com.au/product/fresh-baby-corn-1800000069180)

$4.90

$4.26per 100g

Add to Cart

[![ Sweet Corn](https://www.igashop.com.au/static/default-product-image.png)](https://www.igashop.com.au/product/sweet-corn-1800000069181)

40% Off

[Sweet Corn500 Gram](https://www.igashop.com.au/product/sweet-corn-1800000069181)

was $6.90

$4.00

$0.80per 100g

Add to Cart

[![Alfalfa Beanshoots](https://www.igashop.com.au/static/default-product-image.png)](https://www.igashop.com.au/product/alfalfa-beanshoots-180000000654)

[Alfalfa Beanshoots250 Gram](https://www.igashop.com.au/product/alfalfa-beanshoots-180000000654)

$1.90

$0.76per 100g

Add to Cart

[![Australian Grown Baby Beetroot](https://www.igashop.com.au/static/default-product-image.png)](https://www.igashop.com.au/product/australian-grown-baby-beetroot-746033)

[Australian Grown Baby Beetroot250 Gram](https://www.igashop.com.au/product/australian-grown-baby-beetroot-746033)

$4.90

$1.96per 100g

Add to Cart

[![Avofresh Avocado](https://www.igashop.com.au/static/default-product-image.png)](https://www.igashop.com.au/product/avofresh-avocado-180000001388)

[Avofresh Avocado160 Gram](https://www.igashop.com.au/product/avofresh-avocado-180000001388)

$6.90

$4.31per 100g

Add to Cart

[![Avofresh Avocado Lime & Black Pepper](https://www.igashop.com.au/static/default-product-image.png)](https://www.igashop.com.au/product/avofresh-avocado-lime-black-pepper-1800000070501)

[Avofresh Avocado Lime & Black Pepper160 Gram](https://www.igashop.com.au/product/avofresh-avocado-lime-black-pepper-1800000070501)

$6.90

$4.31per 100g

Add to Cart

[![Avofresh Avocado Smashed](https://www.igashop.com.au/static/default-product-image.png)](https://www.igashop.com.au/product/avofresh-avocado-smashed-644561)

[Avofresh Avocado Smashed160 Gram](https://www.igashop.com.au/product/avofresh-avocado-smashed-644561)

$6.90

$4.31per 100g

Add to Cart

[![Avofresh Chunky Lemon](https://www.igashop.com.au/static/default-product-image.png)](https://www.igashop.com.au/product/avofresh-chunky-lemon-180000002046)

[Avofresh Chunky Lemon160 Gram](https://www.igashop.com.au/product/avofresh-chunky-lemon-180000002046)

$6.90

$4.31per 100g

Add to Cart

[![Avofresh Classic Guacamole](https://www.igashop.com.au/static/default-product-image.png)](https://www.igashop.com.au/product/avofresh-classic-guacamole-180000002047)

[Avofresh Classic Guacamole160 Gram](https://www.igashop.com.au/product/avofresh-classic-guacamole-180000002047)

$6.90

$4.31per 100g

Add to Cart

[![Avofrsh Avocado Soft Lemon](https://www.igashop.com.au/static/default-product-image.png)](https://www.igashop.com.au/product/avofrsh-avocado-soft-lemon-180000006115)

[Avofrsh Avocado Soft Lemon160 Gram](https://www.igashop.com.au/product/avofrsh-avocado-soft-lemon-180000006115)

$6.90

$4.31per 100g

Add to Cart

[![Baby Beetroot Prepack](https://www.igashop.com.au/static/default-product-image.png)](https://www.igashop.com.au/product/baby-beetroot-prepack-80050129)

[Baby Beetroot Prepack](https://www.igashop.com.au/product/baby-beetroot-prepack-80050129)

$4.90

Add to Cart

[![Baby Broccoli Bunch](https://www.igashop.com.au/static/default-product-image.png)](https://www.igashop.com.au/product/baby-broccoli-bunch-80050001)

[Baby Broccoli Bunch](https://www.igashop.com.au/product/baby-broccoli-bunch-80050001)

$3.90

Add to Cart

[![Baby Corn Prepack](https://www.igashop.com.au/static/default-product-image.png)](https://www.igashop.com.au/product/baby-corn-prepack-80050130)

[Baby Corn Prepack](https://www.igashop.com.au/product/baby-corn-prepack-80050130)

$4.90

Add to Cart

[![Basil Bunch](https://www.igashop.com.au/static/default-product-image.png)](https://www.igashop.com.au/product/basil-bunch-80050078)

[Basil Bunch](https://www.igashop.com.au/product/basil-bunch-80050078)

$5.90

Add to Cart

[![Bendigo Fresh Midi Cos Lettuce](https://www.igashop.com.au/static/default-product-image.png)](https://www.igashop.com.au/product/bendigo-fresh-midi-cos-lettuce-180000002150)

[Bendigo Fresh Midi Cos Lettuce](https://www.igashop.com.au/product/bendigo-fresh-midi-cos-lettuce-180000002150)

$3.90

Add to Cart

[![Bok Choy Asian Greens](https://www.igashop.com.au/static/default-product-image.png)](https://www.igashop.com.au/product/bok-choy-asian-greens-80050005)

[Bok Choy Asian Greens](https://www.igashop.com.au/product/bok-choy-asian-greens-80050005)

$3.90

Add to Cart

[![Broccoli Floret](https://www.igashop.com.au/static/default-product-image.png)](https://www.igashop.com.au/product/broccoli-floret-80060003)

[Broccoli Floret340 Gram](https://www.igashop.com.au/product/broccoli-floret-80060003)

Final cost based on weight

$2.69

avg

ea

$7.90per kg

Add to Cart

[![Broccolini Bunch](https://www.igashop.com.au/static/default-product-image.png)](https://www.igashop.com.au/product/broccolini-bunch-80050004)

[Broccolini Bunch](https://www.igashop.com.au/product/broccolini-bunch-80050004)

$3.90

Add to Cart

IGA Shop Online

## Welcome to IGA

Select your store

## Welcome

How Would You Like To Shop?

PickupDeliveryShopping List

Choose your pick up location

To load choices from a previous shopor create a new account

Sign In / RegisterBrowse as a guest

Close