[Skip to main content](https://www.coles.com.au/browse/fruit-vegetables/vegetables#skipto-main-content)

[Skip to product items](https://www.coles.com.au/browse/fruit-vegetables/vegetables#skipto-product-items)

# Vegetables

[Fruit & Vegetables](https://www.coles.com.au/browse/fruit-vegetables)

1. [Home](https://www.coles.com.au/)
2. [All categories](https://www.coles.com.au/browse)
3. [Fruit & Vegetables](https://www.coles.com.au/browse/fruit-vegetables)
4. Vegetables

Showing Results for "null". 196 results found

Filter by:

- All Specials
- Coles brands
- All
- Brand
- Dietary

1 - 48 of 196 results

Sort by: Best seller

## Coles Cucumbers Continental Loose \| 1 Each

[**Coles Cucumbers Continental Loose \| 1 Each**](https://www.coles.com.au/product/coles-cucumbers-continental-loose-1-each-4575605)

$2.50

$2.50/ 1ea

Add

![](https://www.coles.com.au/_next/image?url=https%3A%2F%2Fwww.coles.com.au%2Fcontent%2Fdam%2Fcoles%2Fcusp%2F2026-weekly-images%2F14-1-26%2FHeroTile-FruitVeg-1401-updated-compressed.jpg&w=3840&q=90)

![10% off using code summer](https://www.coles.com.au/_next/image?url=https%3A%2F%2Fwww.coles.com.au%2Fcontent%2Fdam%2Fcoles%2Fcusp%2F2026-weekly-images%2F14-1-26%2FHeroTile-Roundel-Padding-10-Summer-1401.png&w=384&q=90)

## Save 10% when you buy 10 selected fruit & veg

Use code SUMMER at checkout to save.

\*Ends 20/1. 2 per customer. Max discount $50.Â [T&Cs apply](https://www.coles.com.au/offers/fruit-veg#terms "https://www.coles.com.au/offers/fruit-veg#terms").

[Shop now](https://www.coles.com.au/offers/fruit-veg?pid=campaign_aisle_tile_10-off-fruit)

## Coles Tomatoes Greenhouse Truss \| approx. 130g

[**Coles Tomatoes Greenhouse Truss \| approx. 130g**](https://www.coles.com.au/product/coles-tomatoes-greenhouse-truss-approx.-130g-4628676)

$0.51

$3.90/ 1kg

Final price is based on weight

Add

## Coles Tomatoes Gourmet \| approx. 130g

[**Coles Tomatoes Gourmet \| approx. 130g**](https://www.coles.com.au/product/coles-tomatoes-gourmet-approx.-130g-4597109)

$1.03

$7.90/ 1kg

Final price is based on weight

Add

## Coles Sweet Corn \| 1 Each

[**Coles Sweet Corn \| 1 Each**](https://www.coles.com.au/product/coles-sweet-corn-1-each-4562603)

$1.90

$1.90/ 1ea

Add

## Coles Iceberg Lettuce \| 1 Each

[**Coles Iceberg Lettuce \| 1 Each**](https://www.coles.com.au/product/coles-iceberg-lettuce-1-each-4584071)

$2.50

$2.50/ 1ea

Add

## Coles Broccoli Medium \| approx. 340g

[**Coles Broccoli Medium \| approx. 340g**](https://www.coles.com.au/product/coles-broccoli-medium-approx.-340g-407755)

$2.89

$8.50/ 1kg

Final price is based on weight

Add

## Coles Brown Onions \| 1kg

[**Coles Brown Onions \| 1kg**](https://www.coles.com.au/product/coles-brown-onions-1kg-4803991)

$3.20

$3.20/ 1kg

Add

## Coles Onions Red Local \| approx. 200g

[**Coles Onions Red Local \| approx. 200g**](https://www.coles.com.au/product/coles-onions-red-local-approx.-200g-4218459)

$1.10

$5.50/ 1kg

Final price is based on weight

Add

## Coles Carrots \| 1Kg

[**Coles Carrots \| 1Kg**](https://www.coles.com.au/product/coles-carrots-1kg-9006560)

$2.00

$2.00/ 1kg

Add

## Coles Red Capsicum Loose \| approx. 220g

[**Coles Red Capsicum Loose \| approx. 220g**](https://www.coles.com.au/product/coles-red-capsicum-loose-approx.-220g-4580208)

$2.84

$12.90/ 1kg

Final price is based on weight

Add

## Coles Loose Brown Onions \| approx. 200g

[**Coles Loose Brown Onions \| approx. 200g**](https://www.coles.com.au/product/coles-loose-brown-onions-approx.-200g-4239517)

$0.78

$3.90/ 1kg

Final price is based on weight

Add

## Coles Baby Cucumbers \| 250g

[**Coles Baby Cucumbers \| 250g**](https://www.coles.com.au/product/coles-baby-cucumbers-250g-4578148)

$3.90

$15.60/ 1kg

Add

## Coles Lebanese Cucumbers \| approx. 160g

[**Coles Lebanese Cucumbers \| approx. 160g**](https://www.coles.com.au/product/coles-lebanese-cucumbers-approx.-160g-4575208)

$0.78

$4.90/ 1kg

Final price is based on weight

Add

## Coles Glasshouse Grape Tomatoes \| 200g

[**Coles Glasshouse Grape Tomatoes \| 200g**](https://www.coles.com.au/product/coles-glasshouse-grape-tomatoes-200g-4498173)

$3.80

$19.00/ 1kg

Add

## Coles Spring Onions \| 1 Bunch

[**Coles Spring Onions \| 1 Bunch**](https://www.coles.com.au/product/coles-spring-onions-1-bunch-408419)

$2.90

$2.90/ 1ea

Add

## Coles Creme Gold Washed Potatoes Loose \| approx. 150g

[**Coles Creme Gold Washed Potatoes Loose \| approx. 150g**](https://www.coles.com.au/product/coles-creme-gold-washed-potatoes-loose-approx.-150g-1182162)

$0.80

$5.30/ 1kg

Final price is based on weight

Add

## Coles Green Zucchini \| approx. 200g

[**Coles Green Zucchini \| approx. 200g**](https://www.coles.com.au/product/coles-green-zucchini-approx.-200g-4910506)

$1.18

$5.90/ 1kg

Final price is based on weight

Add

## Coles Red Onion 1 Kg \| 1kg

[**Coles Red Onion 1 Kg \| 1kg**](https://www.coles.com.au/product/coles-red-onion-1-kg-1kg-8467604)

$4.90

$4.90/ 1kg

Add

## Coles Baby Broccoli \| 1 Bunch

[**Coles Baby Broccoli \| 1 Bunch**](https://www.coles.com.au/product/coles-baby-broccoli-1-bunch-5982477)

$2.70

$2.70/ 1ea

Add

## Coles Potatoes Sweet Gold \| approx. 500g

[**Coles Potatoes Sweet Gold \| approx. 500g**](https://www.coles.com.au/product/coles-potatoes-sweet-gold-approx.-500g-4199503)

$1.75

$3.50/ 1kg

Final price is based on weight

Add

## Coles Carrots Loose \| approx. 170g

[**Coles Carrots Loose \| approx. 170g**](https://www.coles.com.au/product/coles-carrots-loose-approx.-170g-4223335)

$0.44

$2.60/ 1kg

Final price is based on weight

Add

## Coles Fresh Loose Cup Mushrooms \| approx. 200g

[**Coles Fresh Loose Cup Mushrooms \| approx. 200g**](https://www.coles.com.au/product/coles-fresh-loose-cup-mushrooms-approx.-200g-4594010)

$2.50

$12.50/ 1kg

Final price is based on weight

Add

## Coles Lettuce Cos Baby Hearts \| 2 Pack

[**Coles Lettuce Cos Baby Hearts \| 2 Pack**](https://www.coles.com.au/product/coles-lettuce-cos-baby-hearts-2-pack-4646485)

$3.50

$1.75/ 1ea

Add

## Coles Garlic Loose \| approx. 60g

[**Coles Garlic Loose \| approx. 60g**](https://www.coles.com.au/product/coles-garlic-loose-approx.-60g-each-6105715)

$1.98

$33.01/ 1kg

Final price is based on weight

Add

## Coles Capsicum Green Loose \| approx. 220g

[**Coles Capsicum Green Loose \| approx. 220g**](https://www.coles.com.au/product/coles-capsicum-green-loose-approx.-220g-7214862)

$2.18

$9.90/ 1kg

Final price is based on weight

Add

## Coles Cherry Tomatoes \| 250g

[**Coles Cherry Tomatoes \| 250g**](https://www.coles.com.au/product/coles-cherry-tomatoes-250g-4834736)

$2.50

$10.00/ 1kg

Add

## Coles Cauliflower Medium \| 1 Each

[**Coles Cauliflower Medium \| 1 Each**](https://www.coles.com.au/product/coles-cauliflower-medium-1-each-4601603)

$5.90

$5.90/ 1ea

Add

## Coles Green Beans Prepacked \| 375g

[**Coles Green Beans Prepacked \| 375g**](https://www.coles.com.au/product/coles-green-beans-prepacked-375g-4829204)

$4.90

$13.07/ 1kg

Add

## Coles Baby Carrots \| 500g

[**Coles Baby Carrots \| 500g**](https://www.coles.com.au/product/coles-baby-carrots-500g-4236122)

$1.90

$3.80/ 1kg

Add

## Coles Kent Pumpkin Cut \| approx. 800g

[**Coles Kent Pumpkin Cut \| approx. 800g**](https://www.coles.com.au/product/coles-kent-pumpkin-cut-approx.-800g-4202540)

$2.80

$3.50/ 1kg

Final price is based on weight

Add

## Coles Vine Ripened Tomatoes \| 500g

[**Coles Vine Ripened Tomatoes \| 500g**](https://www.coles.com.au/product/coles-vine-ripened-tomatoes-500g-4835171)

$3.50

$7.00/ 1kg

Add

## Coles Green Beans Loose \| approx. 200g

[**Coles Green Beans Loose \| approx. 200g**](https://www.coles.com.au/product/coles-green-beans-loose-approx.-200g-407675)

$1.50

$7.50/ 1kg

Final price is based on weight

Add

## Coles Wrapped Butternut Pumpkin \| approx. 700g

[**Coles Wrapped Butternut Pumpkin \| approx. 700g**](https://www.coles.com.au/product/coles-wrapped-butternut-pumpkin-approx.-700g-each-4190600)

$1.75

$2.50/ 1kg

Final price is based on weight

Add

## Coles I'M Perfect Carrots Prepacked \| 1.5kg

[**Coles I'M Perfect Carrots Prepacked \| 1.5kg**](https://www.coles.com.au/product/coles-i'm-perfect-carrots-prepacked-1.5kg-3609392)

$2.60

$1.73/ 1kg

Add

## Coles Sweet Corn \| 3 Pack

[**Coles Sweet Corn \| 3 Pack**](https://www.coles.com.au/product/coles-sweet-corn-3-pack-5806601)

$5.50

$1.83/ 1ea

Add

## Coles Asian Choy Pak \| 1 each

[**Coles Asian Choy Pak \| 1 each**](https://www.coles.com.au/product/coles-asian-choy-pak-1-each-4567039)

$2.90

$2.90/ 1ea

Add

## Coles Red Royale Washed Potatoes \| 2Kg

[**Coles Red Royale Washed Potatoes \| 2Kg**](https://www.coles.com.au/product/coles-red-royale-washed-potatoes-2kg-7963859)

$6.00

$3.00/ 1kg

Add

## Coles Green Asparagus \| 1 each

[**Coles Green Asparagus \| 1 each**](https://www.coles.com.au/product/coles-green-asparagus-1-each-4838737)

$3.80

$3.80/ 1ea

Add

## Coles Cup Mushrooms \| 500g

[**Coles Cup Mushrooms \| 500g**](https://www.coles.com.au/product/coles-cup-mushrooms-500g-4829838)

$7.00

$14.00/ 1kg

Add

## Coles Red Royale Potatoes Loose \| approx. 170g

[**Coles Red Royale Potatoes Loose \| approx. 170g**](https://www.coles.com.au/product/coles-red-royale-potatoes-loose-approx.-170g-1181308)

$0.90

$5.30/ 1kg

Final price is based on weight

Add

## Coles Purple Eggplant \| approx. 500g

[**Coles Purple Eggplant \| approx. 500g**](https://www.coles.com.au/product/coles-purple-eggplant-approx.-500g-4583206)

$3.45

$6.90/ 1kg

Final price is based on weight

Add

## Coles Trimmed Celery Prepacked \| 1 Each

[**Coles Trimmed Celery Prepacked \| 1 Each**](https://www.coles.com.au/product/coles-trimmed-celery-prepacked-1-each-2386281)

$4.10

$4.10/ 1ea

Add

## Coles Ginger Loose \| approx. 130g

[**Coles Ginger Loose \| approx. 130g**](https://www.coles.com.au/product/coles-ginger-loose-approx.-130g-5034484)

$5.07

$39.00/ 1kg

Final price is based on weight

Add

## Coles Sliced Mushrooms \| 200g

[**Coles Sliced Mushrooms \| 200g**](https://www.coles.com.au/product/coles-sliced-mushrooms-200g-5750960)

$4.00

$20.00/ 1kg

Add

## Coles Baby Washed Potatoes \| 1Kg

[**Coles Baby Washed Potatoes \| 1Kg**](https://www.coles.com.au/product/coles-baby-washed-potatoes-1kg-2488485)

$4.50

$4.50/ 1kg

Add

## Coles Perino Entertainer Red Grape Tomatoes \| 350g

[**Coles Perino Entertainer Red Grape Tomatoes \| 350g**](https://www.coles.com.au/product/coles-perino-entertainer-red-grape-tomatoes-350g-5069434)

$5.50

$15.71/ 1kg

**Was $5.90 on Nov 2025**

Add

## Coles Potatoes Creme Royale Brushed \| approx. 200g

[**Coles Potatoes Creme Royale Brushed \| approx. 200g**](https://www.coles.com.au/product/coles-potatoes-creme-royale-brushed-approx.-200g-1022610)

$1.10

$5.50/ 1kg

Final price is based on weight

Add

## Coles Baby Gem Lettuce \| 3 Pack

[**Coles Baby Gem Lettuce \| 3 Pack**](https://www.coles.com.au/product/coles-baby-gem-lettuce-3-pack-2584547)

$4.50

$1.50/ 1ea

Currently unavailable

Shop similar

Browse fresh fruit and vegetables online. Stock up on your favourite seasonal fruit & veg from [apples](https://www.coles.com.au/browse/fruit-vegetables/fruit/apples) and [bananas](https://www.coles.com.au/browse/fruit-vegetables/fruit/bananas) to [avocados](https://www.coles.com.au/browse/fruit-vegetables/fruit/avocados), [tomatoes](https://www.coles.com.au/browse/fruit-vegetables/vegetables/tomatoes) and [broccoli](https://www.coles.com.au/browse/fruit-vegetables/vegetables/broccoli-cauliflower). Buy from Coles online and get home delivery or pick up from a store near you. Make your fruit and vegetables shine with our popular [vegetarian](https://www.coles.com.au/recipes-inspiration/collections/vegetarian-recipes) and [vegan](https://www.coles.com.au/recipes-inspiration/collections/vegan-recipes) recipes.

![](https://ad.doubleclick.net/ddm/activity/src=12772309;type=coles0;cat=coles0;dc_lat=;dc_rdid=;tag_for_child_directed_treatment=;tfua=;npa=;ord=2489113121276.477)