# Products

All Products

## BROWSE CATEGORIES

Show all

[Lower Prices](https://www.aldi.com.au/products/lower-prices/k/1588161425841179) [Easter](https://www.aldi.com.au/products/easter/k/1588161420755354) [Super Savers](https://www.aldi.com.au/products/super-savers/k/1588161426952145) [Limited Time Only](https://www.aldi.com.au/products/limited-time-only/k/1588161420755352) [Fruit & Vegetable](https://www.aldi.com.au/products/fruits-vegetables/k/950000000) [Meat & Seafood](https://www.aldi.com.au/products/meat-seafood/k/940000000) [Deli](https://www.aldi.com.au/products/deli-chilled-meats/k/930000000) [Dairy, Eggs & Fridge](https://www.aldi.com.au/products/dairy-eggs-fridge/k/960000000) [Pantry](https://www.aldi.com.au/products/pantry/k/970000000) [Bakery](https://www.aldi.com.au/products/bakery/k/920000000) [Freezer](https://www.aldi.com.au/products/freezer/k/980000000) [Drinks](https://www.aldi.com.au/products/drinks/k/1000000000)

## Plan your shop, preview Special Buys, save your faves, and browse the catalogue â€“ all in the ALDI App

[(opens in a new tab)](https://apps.apple.com/au/app/aldi-australia/id429158202) [(opens in a new tab)](https://play.google.com/store/apps/details?id=de.apptiv.business.android.aldi_au)

3513 Results

## All Products

Sort & Filter

![loading...](https://www.aldi.com.au/_nuxt/aldi_logo_animation.BFzzbf5F.gif)

[While Stocks Last\\
\\
HENDRICK'S\\
\\
Gin 700ml\\
\\
$68.99](https://www.aldi.com.au/product/hendrick-s-gin-700ml-000000000000154992)

[OH SO NATURAL ORGANIC\\
\\
Organic Extra Virgin Olive Oil 500ml\\
\\
500 ml\\
\\
($1.80 per 100 ml)\\
\\
$8.99](https://www.aldi.com.au/product/oh-so-natural-organic-organic-extra-virgin-olive-oil-500ml-000000000000199822)

[PURE VITA\\
\\
Sunflower Oil 1L\\
\\
1,000 ml\\
\\
($0.46 per 100 ml)\\
\\
$4.59](https://www.aldi.com.au/product/pure-vita-sunflower-oil-1l-000000000000200347)

[BON APPETIT\\
\\
Chocolate Chip Brioche Milk Rolls 8 Pack 280g\\
\\
280 g\\
\\
($1.68 per 100 g)\\
\\
$4.69](https://www.aldi.com.au/product/bon-appetit-chocolate-chip-brioche-milk-rolls-8-pack-280g-000000000000200998)

[DELI ORIGINALS\\
\\
Spanish Stuffed Green Olives 450g\\
\\
0.45 kg\\
\\
($6.64 per 1 kg)\\
\\
$2.99](https://www.aldi.com.au/product/deli-originals-spanish-stuffed-green-olives-450g-000000000000210837)

[CORALE\\
\\
Baked Beans in Tomato Sauce 420g\\
\\
420 g\\
\\
($0.26 per 100 g)\\
\\
$1.09](https://www.aldi.com.au/product/corale-baked-beans-in-tomato-sauce-420g-000000000000261610)

[BROOKDALE\\
\\
Pure Maple Syrup 250ml\\
\\
250 ml\\
\\
($2.20 per 100 ml)\\
\\
$5.49](https://www.aldi.com.au/product/brookdale-pure-maple-syrup-250ml-000000000000261631)

[BON APPETIT\\
\\
Pains Au Chocolat 6 Pack 270g\\
\\
270 g\\
\\
($1.74 per 100 g)\\
\\
$4.69](https://www.aldi.com.au/product/bon-appetit-pains-au-chocolat-6-pack-270g-000000000000262056)

[IMPERIAL GRAIN\\
\\
Jasmine Rice 1kg\\
\\
1,000 g\\
\\
($0.32 per 100 g)\\
\\
$3.19](https://www.aldi.com.au/product/imperial-grain-jasmine-rice-1kg-000000000000262101)

[IMPERIAL GRAIN\\
\\
Basmati Rice 1kg\\
\\
1,000 g\\
\\
($0.40 per 100 g)\\
\\
$3.99](https://www.aldi.com.au/product/imperial-grain-basmati-rice-1kg-000000000000262325)

[IMPERIAL GRAIN\\
\\
Long Grain Rice 2kg\\
\\
2,000 g\\
\\
($0.18 per 100 g)\\
\\
$3.59](https://www.aldi.com.au/product/imperial-grain-long-grain-rice-2kg-000000000000262809)

[SWEET VINE\\
\\
Pitted Prunes 500 g\\
\\
0.5 kg\\
\\
($11.38 per 1 kg)\\
\\
$5.69](https://www.aldi.com.au/product/sweet-vine-pitted-prunes-500-g-000000000000266263)

[GOLIATH\\
\\
Slider Bags 25 Pack\\
\\
25 each\\
\\
($0.10 per 1 each)\\
\\
$2.59](https://www.aldi.com.au/product/goliath-slider-bags-25-pack-000000000000268369)

[REMANO\\
\\
Basil Pesto 190g\\
\\
190 g\\
\\
($0.99 per 100 g)\\
\\
$1.89](https://www.aldi.com.au/product/remano-basil-pesto-190g-000000000000274244)

[REMANO\\
\\
Sundried Tomato Pesto 190g\\
\\
190 g\\
\\
($0.99 per 100 g)\\
\\
$1.89](https://www.aldi.com.au/product/remano-sundried-tomato-pesto-190g-000000000000274249)

[COLWAY\\
\\
Authentic Mayonnaise Squeeze 475g\\
\\
475 g\\
\\
($0.84 per 100 g)\\
\\
$3.99](https://www.aldi.com.au/product/colway-authentic-mayonnaise-squeeze-475g-000000000000275699)

[REMANO\\
\\
Italian Diced Tomatoes 400g\\
\\
0.4 kg\\
\\
($2.38 per 1 kg)\\
\\
$0.95](https://www.aldi.com.au/product/remano-italian-diced-tomatoes-400g-000000000000278716)

[OCEAN ROYALE\\
\\
Crumbed Calamari Rings 400g\\
\\
0.4 kg\\
\\
($11.73 per 1 kg)\\
\\
$4.69](https://www.aldi.com.au/product/ocean-royale-crumbed-calamari-rings-400g-000000000000278981)

[OCEAN ROYALE\\
\\
Salt & Pepper Squid 360g\\
\\
0.36 kg\\
\\
($14.69 per 1 kg)\\
\\
$5.29](https://www.aldi.com.au/product/ocean-royale-salt-pepper-squid-360g-000000000000278985)

[OCEAN ROYALE\\
\\
Basa Fillets 1kg\\
\\
1 kg\\
\\
($6.99 per 1 kg)\\
\\
$6.99](https://www.aldi.com.au/product/ocean-royale-basa-fillets-1kg-000000000000279936)

[OCEAN ROYALE\\
\\
Barramundi Fillets 1kg\\
\\
1 kg\\
\\
($20.99 per 1 kg)\\
\\
$20.99](https://www.aldi.com.au/product/ocean-royale-barramundi-fillets-1kg-000000000000279961)

[SWEET VALLEY\\
\\
Peach Slices In Syrup 825g\\
\\
0.825 kg\\
\\
($2.90 per 1 kg)\\
\\
$2.39](https://www.aldi.com.au/product/sweet-valley-peach-slices-in-syrup-825g-000000000000280732)

[GOLIATH\\
\\
Cling Wrap 60m\\
\\
60 m\\
\\
($0.02 per 1 m)\\
\\
$1.39](https://www.aldi.com.au/product/goliath-cling-wrap-60m-000000000000281783)

[EMPORIUM SELECTION\\
\\
Triple Cream Brie Cheese 200g\\
\\
0.2 kg\\
\\
($22.45 per 1 kg)\\
\\
$4.49](https://www.aldi.com.au/product/emporium-selection-triple-cream-brie-cheese-200g-000000000000281811)

[EMPORIUM SELECTION\\
\\
Double Cream Camembert 200g\\
\\
0.2 kg\\
\\
($22.45 per 1 kg)\\
\\
$4.49](https://www.aldi.com.au/product/emporium-selection-double-cream-camembert-200g-000000000000281818)

[EMPORIUM SELECTION\\
\\
Smooth Blue Vein Cheese 200g\\
\\
0.2 kg\\
\\
($29.95 per 1 kg)\\
\\
$5.99](https://www.aldi.com.au/product/emporium-selection-smooth-blue-vein-cheese-200g-000000000000281867)

[FORRESTERS\\
\\
Natural Walnuts 500g\\
\\
0.5 kg\\
\\
($19.98 per 1 kg)\\
\\
$9.99](https://www.aldi.com.au/product/forresters-natural-walnuts-500g-000000000000282420)

[EMPORIUM SELECTION\\
\\
Smoked Cheese 200g\\
\\
0.2 kg\\
\\
($24.95 per 1 kg)\\
\\
$4.99](https://www.aldi.com.au/product/emporium-selection-smoked-cheese-200g-000000000000283609)

[BELMONT BISCUIT CO.\\
\\
Jaffa Cakes 150g\\
\\
150 g\\
\\
($1.86 per 100 g)\\
\\
$2.79](https://www.aldi.com.au/product/belmont-biscuit-co-jaffa-cakes-150g-000000000000283683)

[MARQUES DEL ATRIO\\
\\
Rioja Reserva Tempranillo Graciano 750ml\\
\\
$12.99](https://www.aldi.com.au/product/marques-del-atrio-rioja-reserva-tempranillo-graciano-750ml-000000000000283861)

[Feedback](https://aldi.co/au-web-survey "Feedback")