{
  "coles": [
    {
      "name": "Coles Cucumbers Continental Loose | 1 Each",
      "price": 2.5,
      "was_price": null,
      "unit_price": null,
      "product_url": "https://www.coles.com.au/product/coles-cucumbers-continental-loose-1-each-4575605",
      "product_id": "4575605",
      "image_url": "https://productimages.coles.com.au/productimages/4/4575605.jpg",
      "store": "coles"
    },
    {
      "name": "Coles Tomatoes Greenhouse Truss | approx. 130g",
      "price": 0.51,
      "was_price": null,
      "unit_price": null,
      "product_url": "https://www.coles.com.au/product/coles-tomatoes-greenhouse-truss-approx.-130g-4628676",
      "product_id": "4628676",
      "image_url": "https://productimages.coles.com.au/productimages/4/4628676.jpg",
      "store": "coles"
    },
    {
      "name": "Coles Tomatoes Gourmet | approx. 130g",
      "price": 1.03,
      "was_price": null,
      "unit_price": null,
      "product_url": "https://www.coles.com.au/product/coles-tomatoes-gourmet-approx.-130g-4597109",
      "product_id": "4597109",
      "image_url": "https://productimages.coles.com.au/productimages/4/4597109.jpg",
      "store": "coles"
    },
    {
      "name": "Coles Sweet Corn | 1 Each",
      "price": 1.9,
      "was_price": null,
      "unit_price": null,
      "product_url": "https://www.coles.com.au/product/coles-sweet-corn-1-each-4562603",
      "product_id": "4562603",
      "image_url": "https://productimages.coles.com.au/productimages/4/4562603.jpg",
      "store": "coles"
    },
    {
      "name": "Coles Iceberg Lettuce | 1 Each",
      "price": 2.5,
      "was_price": null,
      "unit_price": null,
      "product_url": "https://www.coles.com.au/product/coles-iceberg-lettuce-1-each-4584071",
      "product_id": "4584071",
      "image_url": "https://productimages.coles.com.au/productimages/4/4584071.jpg",
      "store": "coles"
    },
    {
      "name": "Coles Broccoli Medium | approx. 340g",
      "price": 2.89,
      "was_price": null,
      "unit_price": null,
      "product_url": "https://www.coles.com.au/product/coles-broccoli-medium-approx.-340g-407755",
      "product_id": "407755",
      "image_url": "https://productimages.coles.com.au/productimages/4/407755.jpg",
      "store": "coles"
    },
    {
      "name": "Coles Brown Onions | 1kg",
      "price": 3.2,
      "was_price": null,
      "unit_price": null,
      "product_url": "https://www.coles.com.au/product/coles-brown-onions-1kg-4803991",
      "product_id": "4803991",
      "image_url": "https://productimages.coles.com.au/productimages/4/4803991.jpg",
      "store": "coles"
    },
    {
      "name": "Coles Onions Red Local | approx. 200g",
      "price": 1.1,
      "was_price": null,
      "unit_price": null,
      "product_url": "https://www.coles.com.au/product/coles-onions-red-local-approx.-200g-4218459",
      "product_id": "4218459",
      "image_url": "https://productimages.coles.com.au/productimages/4/4218459.jpg",
      "store": "coles"
    },
    {
      "name": "Coles Carrots | 1Kg",
      "price": 2.0,
      "was_price": null,
      "unit_price": null,
      "product_url": "https://www.coles.com.au/product/coles-carrots-1kg-9006560",
      "product_id": "9006560",
      "image_url": "https://productimages.coles.com.au/productimages/9/9006560.jpg",
      "store": "coles"
    },
    {
      "name": "Coles Red Capsicum Loose | approx. 220g",
      "price": 2.84,
      "was_price": null,
      "unit_price": null,
      "product_url": "https://www.coles.com.au/product/coles-red-capsicum-loose-approx.-220g-4580208",
      "product_id": "4580208",
      "image_url": "https://productimages.coles.com.au/productimages/4/4580208.jpg",
      "store": "coles"
    },
    {
      "name": "Coles Loose Brown Onions | approx. 200g",
      "price": 0.78,
      "was_price": null,
      "unit_price": null,
      "product_url": "https://www.coles.com.au/product/coles-loose-brown-onions-approx.-200g-4239517",
      "product_id": "4239517",
      "image_url": "https://productimages.coles.com.au/productimages/4/4239517.jpg",
      "store": "coles"
    },
    {
      "name": "Coles Baby Cucumbers | 250g",
      "price": 3.9,
      "was_price": null,
      "unit_price": null,
      "product_url": "https://www.coles.com.au/product/coles-baby-cucumbers-250g-4578148",
      "product_id": "4578148",
      "image_url": "https://productimages.coles.com.au/productimages/4/4578148.jpg",
      "store": "coles"
    },
    {
      "name": "Coles Lebanese Cucumbers | approx. 160g",
      "price": 0.78,
      "was_price": null,
      "unit_price": null,
      "product_url": "https://www.coles.com.au/product/coles-lebanese-cucumbers-approx.-160g-4575208",
      "product_id": "4575208",
      "image_url": "https://productimages.coles.com.au/productimages/4/4575208.jpg",
      "store": "coles"
    },
    {
      "name": "Coles Glasshouse Grape Tomatoes | 200g",
      "price": 3.8,
      "was_price": null,
      "unit_price": null,
      "product_url": "https://www.coles.com.au/product/coles-glasshouse-grape-tomatoes-200g-4498173",
      "product_id": "4498173",
      "image_url": "https://productimages.coles.com.au/productimages/4/4498173.jpg",
      "store": "coles"
    },
    {
      "name": "Coles Spring Onions | 1 Bunch",
      "price": 2.9,
      "was_price": null,
      "unit_price": null,
      "product_url": "https://www.coles.com.au/product/coles-spring-onions-1-bunch-408419",
      "product_id": "408419",
      "image_url": "https://productimages.coles.com.au/productimages/4/408419.jpg",
      "store": "coles"
    },
    {
      "name": "Coles Creme Gold Washed Potatoes Loose | approx. 150g",
      "price": 0.8,
      "was_price": null,
      "unit_price": null,
      "product_url": "https://www.coles.com.au/product/coles-creme-gold-washed-potatoes-loose-approx.-150g-1182162",
      "product_id": "1182162",
      "image_url": "https://productimages.coles.com.au/productimages/1/1182162.jpg",
      "store": "coles"
    },
    {
      "name": "Coles Green Zucchini | approx. 200g",
      "price": 1.18,
      "was_price": null,
      "unit_price": null,
      "product_url": "https://www.coles.com.au/product/coles-green-zucchini-approx.-200g-4910506",
      "product_id": "4910506",
      "image_url": "https://productimages.coles.com.au/productimages/4/4910506.jpg",
      "store": "coles"
    },
    {
      "name": "Coles Red Onion 1 Kg | 1kg",
      "price": 4.9,
      "was_price": null,
      "unit_price": null,
      "product_url": "https://www.coles.com.au/product/coles-red-onion-1-kg-1kg-8467604",
      "product_id": "8467604",
      "image_url": "https://productimages.coles.com.au/productimages/8/8467604.jpg",
      "store": "coles"
    },
    {
      "name": "Coles Baby Broccoli | 1 Bunch",
      "price": 2.7,
      "was_price": null,
      "unit_price": null,
      "product_url": "https://www.coles.com.au/product/coles-baby-broccoli-1-bunch-5982477",
      "product_id": "5982477",
      "image_url": "https://productimages.coles.com.au/productimages/5/5982477.jpg",
      "store": "coles"
    },
    {
      "name": "Coles Potatoes Sweet Gold | approx. 500g",
      "price": 1.75,
      "was_price": null,
      "unit_price": null,
      "product_url": "https://www.coles.com.au/product/coles-potatoes-sweet-gold-approx.-500g-4199503",
      "product_id": "4199503",
      "image_url": "https://productimages.coles.com.au/productimages/4/4199503.jpg",
      "store": "coles"
    },
    {
      "name": "Coles Carrots Loose | approx. 170g",
      "price": 0.44,
      "was_price": null,
      "unit_price": null,
      "product_url": "https://www.coles.com.au/product/coles-carrots-loose-approx.-170g-4223335",
      "product_id": "4223335",
      "image_url": "https://productimages.coles.com.au/productimages/4/4223335.jpg",
      "store": "coles"
    },
    {
      "name": "Coles Fresh Loose Cup Mushrooms | approx. 200g",
      "price": 2.5,
      "was_price": null,
      "unit_price": null,
      "product_url": "https://www.coles.com.au/product/coles-fresh-loose-cup-mushrooms-approx.-200g-4594010",
      "product_id": "4594010",
      "image_url": "https://productimages.coles.com.au/productimages/4/4594010.jpg",
      "store": "coles"
    },
    {
      "name": "Coles Lettuce Cos Baby Hearts | 2 Pack",
      "price": 3.5,
      "was_price": null,
      "unit_price": null,
      "product_url": "https://www.coles.com.au/product/coles-lettuce-cos-baby-hearts-2-pack-4646485",
      "product_id": "4646485",
      "image_url": "https://productimages.coles.com.au/productimages/4/4646485.jpg",
      "store": "coles"
    },
    {
      "name": "Coles Garlic Loose | approx. 60g",
      "price": 1.98,
      "was_price": null,
      "unit_price": null,
      "product_url": "https://www.coles.com.au/product/coles-garlic-loose-approx.-60g-each-6105715",
      "product_id": "6105715",
      "image_url": "https://productimages.coles.com.au/productimages/6/6105715.jpg",
      "store": "coles"
    },
    {
      "name": "Coles Capsicum Green Loose | approx. 220g",
      "price": 2.18,
      "was_price": null,
      "unit_price": null,
      "product_url": "https://www.coles.com.au/product/coles-capsicum-green-loose-approx.-220g-7214862",
      "product_id": "7214862",
      "image_url": "https://productimages.coles.com.au/productimages/7/7214862.jpg",
      "store": "coles"
    },
    {
      "name": "Coles Cherry Tomatoes | 250g",
      "price": 2.5,
      "was_price": null,
      "unit_price": null,
      "product_url": "https://www.coles.com.au/product/coles-cherry-tomatoes-250g-4834736",
      "product_id": "4834736",
      "image_url": "https://productimages.coles.com.au/productimages/4/4834736.jpg",
      "store": "coles"
    },
    {
      "name": "Coles Cauliflower Medium | 1 Each",
      "price": 5.9,
      "was_price": null,
      "unit_price": null,
      "product_url": "https://www.coles.com.au/product/coles-cauliflower-medium-1-each-4601603",
      "product_id": "4601603",
      "image_url": "https://productimages.coles.com.au/productimages/4/4601603.jpg",
      "store": "coles"
    },
    {
      "name": "Coles Green Beans Prepacked | 375g",
      "price": 4.9,
      "was_price": null,
      "unit_price": null,
      "product_url": "https://www.coles.com.au/product/coles-green-beans-prepacked-375g-4829204",
      "product_id": "4829204",
      "image_url": "https://productimages.coles.com.au/productimages/4/4829204.jpg",
      "store": "coles"
    },
    {
      "name": "Coles Baby Carrots | 500g",
      "price": 1.9,
      "was_price": null,
      "unit_price": null,
      "product_url": "https://www.coles.com.au/product/coles-baby-carrots-500g-4236122",
      "product_id": "4236122",
      "image_url": "https://productimages.coles.com.au/productimages/4/4236122.jpg",
      "store": "coles"
    },
    {
      "name": "Coles Kent Pumpkin Cut | approx. 800g",
      "price": 2.8,
      "was_price": null,
      "unit_price": null,
      "product_url": "https://www.coles.com.au/product/coles-kent-pumpkin-cut-approx.-800g-4202540",
      "product_id": "4202540",
      "image_url": "https://productimages.coles.com.au/productimages/4/4202540.jpg",
      "store": "coles"
    },
    {
      "name": "Coles Vine Ripened Tomatoes | 500g",
      "price": 3.5,
      "was_price": null,
      "unit_price": null,
      "product_url": "https://www.coles.com.au/product/coles-vine-ripened-tomatoes-500g-4835171",
      "product_id": "4835171",
      "image_url": "https://productimages.coles.com.au/productimages/4/4835171.jpg",
      "store": "coles"
    },
    {
      "name": "Coles Green Beans Loose | approx. 200g",
      "price": 1.5,
      "was_price": null,
      "unit_price": null,
      "product_url": "https://www.coles.com.au/product/coles-green-beans-loose-approx.-200g-407675",
      "product_id": "407675",
      "image_url": "https://productimages.coles.com.au/productimages/4/407675.jpg",
      "store": "coles"
    },
    {
      "name": "Coles Wrapped Butternut Pumpkin | approx. 700g",
      "price": 1.75,
      "was_price": null,
      "unit_price": null,
      "product_url": "https://www.coles.com.au/product/coles-wrapped-butternut-pumpkin-approx.-700g-each-4190600",
      "product_id": "4190600",
      "image_url": "https://productimages.coles.com.au/productimages/4/4190600.jpg",
      "store": "coles"
    },
    {
      "name": "Coles I'M Perfect Carrots Prepacked | 1.5kg",
      "price": 2.6,
      "was_price": null,
      "unit_price": null,
      "product_url": "https://www.coles.com.au/product/coles-i'm-perfect-carrots-prepacked-1.5kg-3609392",
      "product_id": "3609392",
      "image_url": "https://productimages.coles.com.au/productimages/3/3609392.jpg",
      "store": "coles"
    },
    {
      "name": "Coles Sweet Corn | 3 Pack",
      "price": 5.5,
      "was_price": null,
      "unit_price": null,
      "product_url": "https://www.coles.com.au/product/coles-sweet-corn-3-pack-5806601",
      "product_id": "5806601",
      "image_url": "https://productimages.coles.com.au/productimages/5/5806601.jpg",
      "store": "coles"
    },
    {
      "name": "Coles Asian Choy Pak | 1 each",
      "price": 2.9,
      "was_price": null,
      "unit_price": null,
      "product_url": "https://www.coles.com.au/product/coles-asian-choy-pak-1-each-4567039",
      "product_id": "4567039",
      "image_url": "https://productimages.coles.com.au/productimages/4/4567039.jpg",
      "store": "coles"
    },
    {
      "name": "Coles Red Royale Washed Potatoes | 2Kg",
      "price": 6.0,
      "was_price": null,
      "unit_price": null,
      "product_url": "https://www.coles.com.au/product/coles-red-royale-washed-potatoes-2kg-7963859",
      "product_id": "7963859",
      "image_url": "https://productimages.coles.com.au/productimages/7/7963859.jpg",
      "store": "coles"
    },
    {
      "name": "Coles Green Asparagus | 1 each",
      "price": 3.8,
      "was_price": null,
      "unit_price": null,
      "product_url": "https://www.coles.com.au/product/coles-green-asparagus-1-each-4838737",
      "product_id": "4838737",
      "image_url": "https://productimages.coles.com.au/productimages/4/4838737.jpg",
      "store": "coles"
    },
    {
      "name": "Coles Cup Mushrooms | 500g",
      "price": 7.0,
      "was_price": null,
      "unit_price": null,
      "product_url": "https://www.coles.com.au/product/coles-cup-mushrooms-500g-4829838",
      "product_id": "4829838",
      "image_url": "https://productimages.coles.com.au/productimages/4/4829838.jpg",
      "store": "coles"
    },
    {
      "name": "Coles Red Royale Potatoes Loose | approx. 170g",
      "price": 0.9,
      "was_price": null,
      "unit_price": null,
      "product_url": "https://www.coles.com.au/product/coles-red-royale-potatoes-loose-approx.-170g-1181308",
      "product_id": "1181308",
      "image_url": "https://productimages.coles.com.au/productimages/1/1181308.jpg",
      "store": "coles"
    },
    {
      "name": "Coles Purple Eggplant | approx. 500g",
      "price": 3.45,
      "was_price": null,
      "unit_price": null,
      "product_url": "https://www.coles.com.au/product/coles-purple-eggplant-approx.-500g-4583206",
      "product_id": "4583206",
      "image_url": "https://productimages.coles.com.au/productimages/4/4583206.jpg",
      "store": "coles"
    },
    {
      "name": "Coles Trimmed Celery Prepacked | 1 Each",
      "price": 4.1,
      "was_price": null,
      "unit_price": null,
      "product_url": "https://www.coles.com.au/product/coles-trimmed-celery-prepacked-1-each-2386281",
      "product_id": "2386281",
      "image_url": "https://productimages.coles.com.au/productimages/2/2386281.jpg",
      "store": "coles"
    },
    {
      "name": "Coles Ginger Loose | approx. 130g",
      "price": 5.07,
      "was_price": null,
      "unit_price": null,
      "product_url": "https://www.coles.com.au/product/coles-ginger-loose-approx.-130g-5034484",
      "product_id": "5034484",
      "image_url": "https://productimages.coles.com.au/productimages/5/5034484.jpg",
      "store": "coles"
    },
    {
      "name": "Coles Sliced Mushrooms | 200g",
      "price": 4.0,
      "was_price": null,
      "unit_price": null,
      "product_url": "https://www.coles.com.au/product/coles-sliced-mushrooms-200g-5750960",
      "product_id": "5750960",
      "image_url": "https://productimages.coles.com.au/productimages/5/5750960.jpg",
      "store": "coles"
    },
    {
      "name": "Coles Baby Washed Potatoes | 1Kg",
      "price": 4.5,
      "was_price": null,
      "unit_price": null,
      "product_url": "https://www.coles.com.au/product/coles-baby-washed-potatoes-1kg-2488485",
      "product_id": "2488485",
      "image_url": "https://productimages.coles.com.au/productimages/2/2488485.jpg",
      "store": "coles"
    },
    {
      "name": "Coles Perino Entertainer Red Grape Tomatoes | 350g",
      "price": 5.5,
      "was_price": 5.9,
      "unit_price": null,
      "product_url": "https://www.coles.com.au/product/coles-perino-entertainer-red-grape-tomatoes-350g-5069434",
      "product_id": "5069434",
      "image_url": "https://productimages.coles.com.au/productimages/5/5069434.jpg",
      "store": "coles"
    },
    {
      "name": "Coles Potatoes Creme Royale Brushed | approx. 200g",
      "price": 1.1,
      "was_price": null,
      "unit_price": null,
      "product_url": "https://www.coles.com.au/product/coles-potatoes-creme-royale-brushed-approx.-200g-1022610",
      "product_id": "1022610",
      "image_url": "https://productimages.coles.com.au/productimages/1/1022610.jpg",
      "store": "coles"
    },
    {
      "name": "Coles Baby Gem Lettuce | 3 Pack",
      "price": 4.5,
      "was_price": null,
      "unit_price": null,
      "product_url": "https://www.coles.com.au/product/coles-baby-gem-lettuce-3-pack-2584547",
      "product_id": "2584547",
      "image_url": "https://productimages.coles.com.au/productimages/2/2584547.jpg",
      "store": "coles"
    },
    {
      "name": "Coles Perino Red Grape Tomatoes | 200g",
      "price": 3.9,
      "was_price": null,
      "unit_price": null,
      "product_url": "https://www.coles.com.au/product/coles-perino-red-grape-tomatoes-200g-7265535",
      "product_id": "7265535",
      "image_url": "https://productimages.coles.com.au/productimages/7/7265535.jpg",
      "store": "coles"
    },
    {
      "name": "Coles Gourmet Field Tomatoes | 1Kg",
      "price": 7.9,
      "was_price": null,
      "unit_price": null,
      "product_url": "https://www.coles.com.au/product/coles-gourmet-field-tomatoes-1kg-4640831",
      "product_id": "4640831",
      "image_url": "https://productimages.coles.com.au/productimages/4/4640831.jpg",
      "store": "coles"
    },
    {
      "name": "Coles Fresh Celery Sticks Prepacked | 300g",
      "price": 4.8,
      "was_price": null,
      "unit_price": null,
      "product_url": "https://www.coles.com.au/product/coles-fresh-celery-sticks-prepacked-300g-1069160",
      "product_id": "1069160",
      "image_url": "https://productimages.coles.com.au/productimages/1/1069160.jpg",
      "store": "coles"
    },
    {
      "name": "Coles Garlic Prepack | 3 pack",
      "price": 3.8,
      "was_price": null,
      "unit_price": null,
      "product_url": "https://www.coles.com.au/product/coles-garlic-prepack-3-pack-8433238",
      "product_id": "8433238",
      "image_url": "https://productimages.coles.com.au/productimages/8/8433238.jpg",
      "store": "coles"
    },
    {
      "name": "Coles Baby Carisma Potatoes | 1kg",
      "price": 4.5,
      "was_price": null,
      "unit_price": null,
      "product_url": "https://www.coles.com.au/product/coles-baby-carisma-potatoes-1kg-2488496",
      "product_id": "2488496",
      "image_url": "https://productimages.coles.com.au/productimages/2/2488496.jpg",
      "store": "coles"
    },
    {
      "name": "Coles Wombok Chinese Cabbage Whole | 1 Each",
      "price": 4.9,
      "was_price": null,
      "unit_price": null,
      "product_url": "https://www.coles.com.au/product/coles-wombok-chinese-cabbage-whole-1-each-4879042",
      "product_id": "4879042",
      "image_url": "https://productimages.coles.com.au/productimages/4/4879042.jpg",
      "store": "coles"
    },
    {
      "name": "Coles Celery Bunch | 1 Each",
      "price": 4.0,
      "was_price": null,
      "unit_price": null,
      "product_url": "https://www.coles.com.au/product/coles-celery-bunch-1-each-4845732",
      "product_id": "4845732",
      "image_url": "https://productimages.coles.com.au/productimages/4/4845732.jpg",
      "store": "coles"
    },
    {
      "name": "Coles Grandma's Heirloom Tomatoes Red | approx. 250g",
      "price": 1.98,
      "was_price": null,
      "unit_price": null,
      "product_url": "https://www.coles.com.au/product/coles-grandma's-heirloom-tomatoes-red-approx.-250g-7511416",
      "product_id": "7511416",
      "image_url": "https://productimages.coles.com.au/productimages/7/7511416.jpg",
      "store": "coles"
    },
    {
      "name": "Coles Half Drumhead Cabbage | 1 each",
      "price": 4.5,
      "was_price": null,
      "unit_price": null,
      "product_url": "https://www.coles.com.au/product/coles-half-drumhead-cabbage-1-each-3666396",
      "product_id": "3666396",
      "image_url": "https://productimages.coles.com.au/productimages/3/3666396.jpg",
      "store": "coles"
    },
    {
      "name": "Coles Spud Lite Potatoes | 1.5Kg",
      "price": 6.5,
      "was_price": null,
      "unit_price": null,
      "product_url": "https://www.coles.com.au/product/coles-spud-lite-potatoes-1.5kg-3026441",
      "product_id": "3026441",
      "image_url": "https://productimages.coles.com.au/productimages/3/3026441.jpg",
      "store": "coles"
    },
    {
      "name": "Coles Leeks Loose | 1 Each",
      "price": 2.8,
      "was_price": null,
      "unit_price": null,
      "product_url": "https://www.coles.com.au/product/coles-leeks-loose-1-each-4595930",
      "product_id": "4595930",
      "image_url": "https://productimages.coles.com.au/productimages/4/4595930.jpg",
      "store": "coles"
    },
    {
      "name": "Coles Spud Lite Baby Potato | 750g",
      "price": 3.5,
      "was_price": null,
      "unit_price": null,
      "product_url": "https://www.coles.com.au/product/coles-spud-lite-baby-potato-750g-3026260",
      "product_id": "3026260",
      "image_url": "https://productimages.coles.com.au/productimages/3/3026260.jpg",
      "store": "coles"
    },
    {
      "name": "Coles Mini Asparagus | 1 Pack",
      "price": 3.8,
      "was_price": null,
      "unit_price": null,
      "product_url": "https://www.coles.com.au/product/coles-mini-asparagus-1-pack-7124680",
      "product_id": "7124680",
      "image_url": "https://productimages.coles.com.au/productimages/7/7124680.jpg",
      "store": "coles"
    },
    {
      "name": "Coles Potatoes Washed | 2kg",
      "price": 8.0,
      "was_price": null,
      "unit_price": null,
      "product_url": "https://www.coles.com.au/product/coles-potatoes-washed-2kg-1206748",
      "product_id": "1206748",
      "image_url": "https://productimages.coles.com.au/productimages/1/1206748.jpg",
      "store": "coles"
    },
    {
      "name": "Coles Mushrooms Cup | 200g",
      "price": 4.0,
      "was_price": null,
      "unit_price": null,
      "product_url": "https://www.coles.com.au/product/coles-mushrooms-cup-200g-4829860",
      "product_id": "4829860",
      "image_url": "https://productimages.coles.com.au/productimages/4/4829860.jpg",
      "store": "coles"
    },
    {
      "name": "Coles Mushrooms Sliced | 500g",
      "price": 7.0,
      "was_price": null,
      "unit_price": null,
      "product_url": "https://www.coles.com.au/product/coles-mushrooms-sliced-500g-2728862",
      "product_id": "2728862",
      "image_url": "https://productimages.coles.com.au/productimages/2/2728862.jpg",
      "store": "coles"
    },
    {
      "name": "Coles Half Cauliflower Precut | 1 each",
      "price": 3.5,
      "was_price": null,
      "unit_price": null,
      "product_url": "https://www.coles.com.au/product/coles-half-cauliflower-precut-1-each-3395313",
      "product_id": "3395313",
      "image_url": "https://productimages.coles.com.au/productimages/3/3395313.jpg",
      "store": "coles"
    },
    {
      "name": "Coles Family Broccolini | 1 each",
      "price": 6.5,
      "was_price": null,
      "unit_price": null,
      "product_url": "https://www.coles.com.au/product/coles-family-broccolini-1-each-4841775",
      "product_id": "4841775",
      "image_url": "https://productimages.coles.com.au/productimages/4/4841775.jpg",
      "store": "coles"
    },
    {
      "name": "Coles Brown Onion Shallots Loose | approx. 35g",
      "price": 0.46,
      "was_price": null,
      "unit_price": null,
      "product_url": "https://www.coles.com.au/product/coles-brown-onion-shallots-loose-approx.-35g-each-5134809",
      "product_id": "5134809",
      "image_url": "https://productimages.coles.com.au/productimages/5/5134809.jpg",
      "store": "coles"
    },
    {
      "name": "Coles Green Cucumber | 1 each",
      "price": 2.8,
      "was_price": null,
      "unit_price": null,
      "product_url": "https://www.coles.com.au/product/coles-green-cucumber-1-each-4559314",
      "product_id": "4559314",
      "image_url": "https://productimages.coles.com.au/productimages/4/4559314.jpg",
      "store": "coles"
    },
    {
      "name": "Coles Cabbage Wombok Precut Half | 1 each",
      "price": 3.2,
      "was_price": null,
      "unit_price": null,
      "product_url": "https://www.coles.com.au/product/coles-cabbage-wombok-precut-half-1-each-3666385",
      "product_id": "3666385",
      "image_url": "https://productimages.coles.com.au/productimages/3/3666385.jpg",
      "store": "coles"
    },
    {
      "name": "Coles Yellow Capsicum | approx. 220g",
      "price": 2.84,
      "was_price": null,
      "unit_price": null,
      "product_url": "https://www.coles.com.au/product/coles-yellow-capsicum-approx.-220g-7215355",
      "product_id": "7215355",
      "image_url": "https://productimages.coles.com.au/productimages/7/7215355.jpg",
      "store": "coles"
    },
    {
      "name": "Coles Perino Tomatoes Entertainer Medley | 350g",
      "price": 5.5,
      "was_price": null,
      "unit_price": null,
      "product_url": "https://www.coles.com.au/product/coles-perino-tomatoes-entertainer-medley-350g-9129094",
      "product_id": "9129094",
      "image_url": "https://productimages.coles.com.au/productimages/9/9129094.jpg",
      "store": "coles"
    },
    {
      "name": "Coles Snow Peas Loose | approx. 100g",
      "price": 1.55,
      "was_price": null,
      "unit_price": null,
      "product_url": "https://www.coles.com.au/product/coles-snow-peas-loose-approx.-100g-each-123328",
      "product_id": "123328",
      "image_url": "https://productimages.coles.com.au/productimages/1/123328.jpg",
      "store": "coles"
    },
    {
      "name": "Coles Baby Beetroot Prepacked | 250g",
      "price": 2.5,
      "was_price": 3.0,
      "unit_price": null,
      "product_url": "https://www.coles.com.au/product/coles-baby-beetroot-prepacked-250g-3256849",
      "product_id": "3256849",
      "image_url": "https://productimages.coles.com.au/productimages/3/3256849.jpg",
      "store": "coles"
    },
    {
      "name": "Coles Lettuce Decorative Green Oak | 1 Each",
      "price": 3.2,
      "was_price": null,
      "unit_price": null,
      "product_url": "https://www.coles.com.au/product/coles-lettuce-decorative-green-oak-1-each-4596649",
      "product_id": "4596649",
      "image_url": "https://productimages.coles.com.au/productimages/4/4596649.jpg",
      "store": "coles"
    },
    {
      "name": "Coles Cocktail Truss Tomatoes | 250g",
      "price": 4.5,
      "was_price": null,
      "unit_price": null,
      "product_url": "https://www.coles.com.au/product/coles-cocktail-truss-tomatoes-250g-3088176",
      "product_id": "3088176",
      "image_url": "https://productimages.coles.com.au/productimages/3/3088176.jpg",
      "store": "coles"
    },
    {
      "name": "Coles Half Savoy Cabbage | 1 each",
      "price": 4.5,
      "was_price": null,
      "unit_price": null,
      "product_url": "https://www.coles.com.au/product/coles-half-savoy-cabbage-1-each-3667945",
      "product_id": "3667945",
      "image_url": "https://productimages.coles.com.au/productimages/3/3667945.jpg",
      "store": "coles"
    },
    {
      "name": "Coles Button Mushrooms | 200g",
      "price": 4.5,
      "was_price": null,
      "unit_price": null,
      "product_url": "https://www.coles.com.au/product/coles-button-mushrooms-200g-4829420",
      "product_id": "4829420",
      "image_url": "https://productimages.coles.com.au/productimages/4/4829420.jpg",
      "store": "coles"
    },
    {
      "name": "Coles Wombok Chinese Cabbage Wombok Petite | 2 pack",
      "price": 4.5,
      "was_price": null,
      "unit_price": null,
      "product_url": "https://www.coles.com.au/product/coles-wombok-chinese-cabbage-wombok-petite-2-pack-3892103",
      "product_id": "3892103",
      "image_url": "https://productimages.coles.com.au/productimages/3/3892103.jpg",
      "store": "coles"
    },
    {
      "name": "Coles I'm Perfect Onions Prepack | 2Kg",
      "price": 5.0,
      "was_price": null,
      "unit_price": null,
      "product_url": "https://www.coles.com.au/product/coles-i'm-perfect-onions-prepack-2kg-9964284",
      "product_id": "9964284",
      "image_url": "https://productimages.coles.com.au/productimages/9/9964284.jpg",
      "store": "coles"
    },
    {
      "name": "Coles Portobello Mushrooms | approx. 200g",
      "price": 2.7,
      "was_price": null,
      "unit_price": null,
      "product_url": "https://www.coles.com.au/product/coles-portobello-mushrooms-approx.-200g-4590573",
      "product_id": "4590573",
      "image_url": "https://productimages.coles.com.au/productimages/4/4590573.jpg",
      "store": "coles"
    },
    {
      "name": "Coles Kale Bunch Green | 1 Each",
      "price": 4.5,
      "was_price": null,
      "unit_price": null,
      "product_url": "https://www.coles.com.au/product/coles-kale-bunch-green-1-each-8696598",
      "product_id": "8696598",
      "image_url": "https://productimages.coles.com.au/productimages/8/8696598.jpg",
      "store": "coles"
    },
    {
      "name": "Coles I'm Perfect Sweet Potato | 1.5kg",
      "price": 3.9,
      "was_price": null,
      "unit_price": null,
      "product_url": "https://www.coles.com.au/product/coles-i'm-perfect-sweet-potato-1.5kg-3616751",
      "product_id": "3616751",
      "image_url": "https://productimages.coles.com.au/productimages/3/3616751.jpg",
      "store": "coles"
    },
    {
      "name": "Coles Roma Tomatoes | 480g",
      "price": 5.5,
      "was_price": null,
      "unit_price": null,
      "product_url": "https://www.coles.com.au/product/coles-roma-tomatoes-480g-3997189",
      "product_id": "3997189",
      "image_url": "https://productimages.coles.com.au/productimages/3/3997189.jpg",
      "store": "coles"
    },
    {
      "name": "Coles Beetroot Loose | approx. 170g",
      "price": 1.1,
      "was_price": null,
      "unit_price": null,
      "product_url": "https://www.coles.com.au/product/coles-beetroot-loose-approx.-170g-each-5288711",
      "product_id": "5288711",
      "image_url": "https://productimages.coles.com.au/productimages/5/5288711.jpg",
      "store": "coles"
    },
    {
      "name": "Coles Snow Peas Prepacked | 250g",
      "price": 5.8,
      "was_price": null,
      "unit_price": null,
      "product_url": "https://www.coles.com.au/product/coles-snow-peas-prepacked-250g-7701375",
      "product_id": "7701375",
      "image_url": "https://productimages.coles.com.au/productimages/7/7701375.jpg",
      "store": "coles"
    },
    {
      "name": "Coles Roma Tomatoes Loose | approx. 70g",
      "price": 0.55,
      "was_price": null,
      "unit_price": null,
      "product_url": "https://www.coles.com.au/product/coles-roma-tomatoes-loose-approx.-70g-4594712",
      "product_id": "4594712",
      "image_url": "https://productimages.coles.com.au/productimages/4/4594712.jpg",
      "store": "coles"
    },
    {
      "name": "Coles Mini Capsicum | 175g",
      "price": 5.9,
      "was_price": null,
      "unit_price": null,
      "product_url": "https://www.coles.com.au/product/coles-mini-capsicum-175g-7296299",
      "product_id": "7296299",
      "image_url": "https://productimages.coles.com.au/productimages/7/7296299.jpg",
      "store": "coles"
    },
    {
      "name": "Coles Half Red Cabbage | 1 each",
      "price": 4.5,
      "was_price": null,
      "unit_price": null,
      "product_url": "https://www.coles.com.au/product/coles-half-red-cabbage-1-each-3668020",
      "product_id": "3668020",
      "image_url": "https://productimages.coles.com.au/productimages/3/3668020.jpg",
      "store": "coles"
    },
    {
      "name": "Coles Tomatoes Cherry Vine Ripened | 200g",
      "price": 3.7,
      "was_price": null,
      "unit_price": null,
      "product_url": "https://www.coles.com.au/product/coles-tomatoes-cherry-vine-ripened-200g-8003851",
      "product_id": "8003851",
      "image_url": "https://productimages.coles.com.au/productimages/8/8003851.jpg",
      "store": "coles"
    },
    {
      "name": "Coles Flat Mushrooms Loose | approx. 350g",
      "price": 4.72,
      "was_price": null,
      "unit_price": null,
      "product_url": "https://www.coles.com.au/product/coles-flat-mushrooms-loose-approx.-350g-4594031",
      "product_id": "4594031",
      "image_url": "https://productimages.coles.com.au/productimages/4/4594031.jpg",
      "store": "coles"
    },
    {
      "name": "Coles Sugar Snap Peas Medium | 150g",
      "price": 3.2,
      "was_price": null,
      "unit_price": null,
      "product_url": "https://www.coles.com.au/product/coles-sugar-snap-peas-medium-150g-4619289",
      "product_id": "4619289",
      "image_url": "https://productimages.coles.com.au/productimages/4/4619289.jpg",
      "store": "coles"
    },
    {
      "name": "Coles Asian Choy Sum | 1 each",
      "price": 2.9,
      "was_price": null,
      "unit_price": null,
      "product_url": "https://www.coles.com.au/product/coles-asian-choy-sum-1-each-4567323",
      "product_id": "4567323",
      "image_url": "https://productimages.coles.com.au/productimages/4/4567323.jpg",
      "store": "coles"
    },
    {
      "name": "Coles Organic Carrots | 1kg",
      "price": 5.8,
      "was_price": null,
      "unit_price": null,
      "product_url": "https://www.coles.com.au/product/coles-organic-carrots-1kg-5016904",
      "product_id": "5016904",
      "image_url": "https://productimages.coles.com.au/productimages/5/5016904.jpg",
      "store": "coles"
    },
    {
      "name": "Coles Carisma Washed Potatoes | 2kg",
      "price": 8.0,
      "was_price": null,
      "unit_price": null,
      "product_url": "https://www.coles.com.au/product/coles-carisma-washed-potatoes-2kg-7712327",
      "product_id": "7712327",
      "image_url": "https://productimages.coles.com.au/productimages/7/7712327.jpg",
      "store": "coles"
    },
    {
      "name": "Coles Mini Tomatoes | 125g",
      "price": 4.0,
      "was_price": null,
      "unit_price": null,
      "product_url": "https://www.coles.com.au/product/coles-mini-tomatoes-125g-4488464",
      "product_id": "4488464",
      "image_url": "https://productimages.coles.com.au/productimages/4/4488464.jpg",
      "store": "coles"
    },
    {
      "name": "Coles Asian Choy Buk | 1 each",
      "price": 2.9,
      "was_price": null,
      "unit_price": null,
      "product_url": "https://www.coles.com.au/product/coles-asian-choy-buk-1-each-4565907",
      "product_id": "4565907",
      "image_url": "https://productimages.coles.com.au/productimages/4/4565907.jpg",
      "store": "coles"
    },
    {
      "name": "Coles Corn Cobettes | 400g",
      "price": 6.5,
      "was_price": null,
      "unit_price": null,
      "product_url": "https://www.coles.com.au/product/coles-corn-cobettes-400g-4150570",
      "product_id": "4150570",
      "image_url": "https://productimages.coles.com.au/productimages/4/4150570.jpg",
      "store": "coles"
    },
    {
      "name": "Coles Snacking Carrots | 250g",
      "price": 3.9,
      "was_price": null,
      "unit_price": null,
      "product_url": "https://www.coles.com.au/product/coles-snacking-carrots-250g-6309511",
      "product_id": "6309511",
      "image_url": "https://productimages.coles.com.au/productimages/6/6309511.jpg",
      "store": "coles"
    },
    {
      "name": "Coles Crunchy Cos Lettuce | 1 Pack",
      "price": 3.0,
      "was_price": null,
      "unit_price": null,
      "product_url": "https://www.coles.com.au/product/coles-crunchy-cos-lettuce-1-pack-8082971",
      "product_id": "8082971",
      "image_url": "https://productimages.coles.com.au/productimages/8/8082971.jpg",
      "store": "coles"
    },
    {
      "name": "Coles Organic Baby Spinach | 100g",
      "price": 4.8,
      "was_price": null,
      "unit_price": null,
      "product_url": "https://www.coles.com.au/product/coles-organic-baby-spinach-100g-2725922",
      "product_id": "2725922",
      "image_url": "https://productimages.coles.com.au/productimages/2/2725922.jpg",
      "store": "coles"
    },
    {
      "name": "Coles Brussels Sprouts Medium | approx. 200g",
      "price": 3.98,
      "was_price": null,
      "unit_price": null,
      "product_url": "https://www.coles.com.au/product/coles-brussels-sprouts-medium-approx.-200g-407766",
      "product_id": "407766",
      "image_url": "https://productimages.coles.com.au/productimages/4/407766.jpg",
      "store": "coles"
    },
    {
      "name": "Coles I'm Perfect Potatoes Imperfect | 4Kg",
      "price": 10.0,
      "was_price": null,
      "unit_price": null,
      "product_url": "https://www.coles.com.au/product/coles-i'm-perfect-potatoes-imperfect-4kg-9852032",
      "product_id": "9852032",
      "image_url": "https://productimages.coles.com.au/productimages/9/9852032.jpg",
      "store": "coles"
    },
    {
      "name": "Coles Brushed Potatoes | 4Kg",
      "price": 9.0,
      "was_price": null,
      "unit_price": null,
      "product_url": "https://www.coles.com.au/product/coles-brushed-potatoes-4kg-3958530",
      "product_id": "3958530",
      "image_url": "https://productimages.coles.com.au/productimages/3/3958530.jpg",
      "store": "coles"
    },
    {
      "name": "Coles Radish Bunch | 1 Each",
      "price": 3.5,
      "was_price": null,
      "unit_price": null,
      "product_url": "https://www.coles.com.au/product/coles-radish-bunch-1-each-4911870",
      "product_id": "4911870",
      "image_url": "https://productimages.coles.com.au/productimages/4/4911870.jpg",
      "store": "coles"
    },
    {
      "name": "Coles Perino Noir Grape Tomatoes | 200g",
      "price": 3.9,
      "was_price": null,
      "unit_price": null,
      "product_url": "https://www.coles.com.au/product/coles-perino-noir-grape-tomatoes-200g-5079482",
      "product_id": "5079482",
      "image_url": "https://productimages.coles.com.au/productimages/5/5079482.jpg",
      "store": "coles"
    },
    {
      "name": "Coles Symphony Lettuce Decorative | 1 each",
      "price": 3.2,
      "was_price": null,
      "unit_price": null,
      "product_url": "https://www.coles.com.au/product/coles-symphony-lettuce-decorative-1-each-9135406",
      "product_id": "9135406",
      "image_url": "https://productimages.coles.com.au/productimages/9/9135406.jpg",
      "store": "coles"
    },
    {
      "name": "Coles Organic Broccoli | 500g",
      "price": 6.5,
      "was_price": null,
      "unit_price": null,
      "product_url": "https://www.coles.com.au/product/coles-organic-broccoli-500g-3048820",
      "product_id": "3048820",
      "image_url": "https://productimages.coles.com.au/productimages/3/3048820.jpg",
      "store": "coles"
    },
    {
      "name": "Coles Kestrel Washed Potatoes | 2Kg",
      "price": 8.0,
      "was_price": null,
      "unit_price": null,
      "product_url": "https://www.coles.com.au/product/coles-kestrel-washed-potatoes-2kg-2743866",
      "product_id": "2743866",
      "image_url": "https://productimages.coles.com.au/productimages/2/2743866.jpg",
      "store": "coles"
    },
    {
      "name": "Coles Cauliflower Half | 1 each",
      "price": 3.5,
      "was_price": null,
      "unit_price": null,
      "product_url": "https://www.coles.com.au/product/coles-cauliflower-half-1-each-4601320",
      "product_id": "4601320",
      "image_url": "https://productimages.coles.com.au/productimages/4/4601320.jpg",
      "store": "coles"
    },
    {
      "name": "Coles Sweet Pointed Capsicums Red | 1 each",
      "price": 3.9,
      "was_price": null,
      "unit_price": null,
      "product_url": "https://www.coles.com.au/product/coles-sweet-pointed-capsicums-red-1-each-7514130",
      "product_id": "7514130",
      "image_url": "https://productimages.coles.com.au/productimages/7/7514130.jpg",
      "store": "coles"
    },
    {
      "name": "Coles Kitchen Australian Diced Butternut Pumpkin | 500g",
      "price": 5.0,
      "was_price": null,
      "unit_price": null,
      "product_url": "https://www.coles.com.au/product/coles-kitchen-australian-diced-butternut-pumpkin-500g-2859066",
      "product_id": "2859066",
      "image_url": "https://productimages.coles.com.au/productimages/2/2859066.jpg",
      "store": "coles"
    },
    {
      "name": "Coles Butternut Pumpkin Whole | approx. 2kg",
      "price": 5.0,
      "was_price": null,
      "unit_price": null,
      "product_url": "https://www.coles.com.au/product/coles-butternut-pumpkin-whole-approx.-2kg-each-4183423",
      "product_id": "4183423",
      "image_url": "https://productimages.coles.com.au/productimages/4/4183423.jpg",
      "store": "coles"
    },
    {
      "name": "Coles Mushrooms Sliced Brown | 200g",
      "price": 5.7,
      "was_price": null,
      "unit_price": null,
      "product_url": "https://www.coles.com.au/product/coles-mushrooms-sliced-brown-200g-6467068",
      "product_id": "6467068",
      "image_url": "https://productimages.coles.com.au/productimages/6/6467068.jpg",
      "store": "coles"
    },
    {
      "name": "Spudlite Microwave Bag | 350g",
      "price": 2.9,
      "was_price": null,
      "unit_price": null,
      "product_url": "https://www.coles.com.au/product/spudlite-microwave-bag-350g-1311710",
      "product_id": "1311710",
      "image_url": "https://productimages.coles.com.au/productimages/1/1311710.jpg",
      "store": "coles"
    },
    {
      "name": "Coles Garlic Paste | 140g",
      "price": 4.5,
      "was_price": null,
      "unit_price": null,
      "product_url": "https://www.coles.com.au/product/coles-garlic-paste-140g-3329079",
      "product_id": "3329079",
      "image_url": "https://productimages.coles.com.au/productimages/3/3329079.jpg",
      "store": "coles"
    },
    {
      "name": "Coles Tomatoes Kumato | 500g",
      "price": 5.5,
      "was_price": null,
      "unit_price": null,
      "product_url": "https://www.coles.com.au/product/coles-tomatoes-kumato-500g-8933048",
      "product_id": "8933048",
      "image_url": "https://productimages.coles.com.au/productimages/8/8933048.jpg",
      "store": "coles"
    },
    {
      "name": "Coles Brussels Sprouts Prepack | 400g",
      "price": 8.9,
      "was_price": null,
      "unit_price": null,
      "product_url": "https://www.coles.com.au/product/coles-brussels-sprouts-prepack-400g-9323257",
      "product_id": "9323257",
      "image_url": "https://productimages.coles.com.au/productimages/9/9323257.jpg",
      "store": "coles"
    },
    {
      "name": "Coles Brushed Potatoes | 2Kg",
      "price": 7.5,
      "was_price": null,
      "unit_price": null,
      "product_url": "https://www.coles.com.au/product/coles-brushed-potatoes-2kg-3958573",
      "product_id": "3958573",
      "image_url": "https://productimages.coles.com.au/productimages/3/3958573.jpg",
      "store": "coles"
    },
    {
      "name": "Coles Cos Lettuce Head | 1 each",
      "price": 3.5,
      "was_price": null,
      "unit_price": null,
      "product_url": "https://www.coles.com.au/product/coles-cos-lettuce-head-1-each-8791125",
      "product_id": "8791125",
      "image_url": "https://productimages.coles.com.au/productimages/8/8791125.jpg",
      "store": "coles"
    },
    {
      "name": "Coles Brown Mushrooms Prepacked | 200g",
      "price": 5.7,
      "was_price": null,
      "unit_price": null,
      "product_url": "https://www.coles.com.au/product/coles-brown-mushrooms-prepacked-200g-4829703",
      "product_id": "4829703",
      "image_url": "https://productimages.coles.com.au/productimages/4/4829703.jpg",
      "store": "coles"
    },
    {
      "name": "Coles Australian Baby Capsicums | 350g",
      "price": 11.9,
      "was_price": null,
      "unit_price": null,
      "product_url": "https://www.coles.com.au/product/coles-australian-baby-capsicums-350g-3066275",
      "product_id": "3066275",
      "image_url": "https://productimages.coles.com.au/productimages/3/3066275.jpg",
      "store": "coles"
    },
    {
      "name": "Coles Grandma's Heirloom Tomatoes Black | approx. 200g",
      "price": 1.58,
      "was_price": null,
      "unit_price": null,
      "product_url": "https://www.coles.com.au/product/coles-grandma's-heirloom-tomatoes-black-approx.-200g-7511380",
      "product_id": "7511380",
      "image_url": "https://productimages.coles.com.au/productimages/7/7511380.jpg",
      "store": "coles"
    },
    {
      "name": "Coles Brussel Sprouts Baby | 200g",
      "price": 5.9,
      "was_price": null,
      "unit_price": null,
      "product_url": "https://www.coles.com.au/product/coles-brussel-sprouts-baby-200g-9989810",
      "product_id": "9989810",
      "image_url": "https://productimages.coles.com.au/productimages/9/9989810.jpg",
      "store": "coles"
    },
    {
      "name": "Coles Drumhead Cabbage Mini | 1 Each",
      "price": 6.9,
      "was_price": null,
      "unit_price": null,
      "product_url": "https://www.coles.com.au/product/coles-drumhead-cabbage-mini-1-each-1475874",
      "product_id": "1475874",
      "image_url": "https://productimages.coles.com.au/productimages/1/1475874.jpg",
      "store": "coles"
    },
    {
      "name": "Coles Brown Mushrooms Loose | approx. 200g",
      "price": 3.1,
      "was_price": null,
      "unit_price": null,
      "product_url": "https://www.coles.com.au/product/coles-brown-mushrooms-loose-approx.-200g-4590551",
      "product_id": "4590551",
      "image_url": "https://productimages.coles.com.au/productimages/4/4590551.jpg",
      "store": "coles"
    },
    {
      "name": "Coles Kitchen Vegetables Baby Potatoes Herb Butter | 400g",
      "price": 5.5,
      "was_price": null,
      "unit_price": null,
      "product_url": "https://www.coles.com.au/product/coles-kitchen-vegetables-baby-potatoes-herb-butter-400g-8164806",
      "product_id": "8164806",
      "image_url": "https://productimages.coles.com.au/productimages/8/8164806.jpg",
      "store": "coles"
    },
    {
      "name": "Coles Organic Baby Salad Leaves Lettuce Mix | 100g",
      "price": 4.9,
      "was_price": null,
      "unit_price": null,
      "product_url": "https://www.coles.com.au/product/coles-organic-baby-salad-leaves-lettuce-mix-100g-2724760",
      "product_id": "2724760",
      "image_url": "https://productimages.coles.com.au/productimages/2/2724760.jpg",
      "store": "coles"
    },
    {
      "name": "Coles Organic Rocket | 100g",
      "price": 4.9,
      "was_price": null,
      "unit_price": null,
      "product_url": "https://www.coles.com.au/product/coles-organic-rocket-100g-2724828",
      "product_id": "2724828",
      "image_url": "https://productimages.coles.com.au/productimages/2/2724828.jpg",
      "store": "coles"
    },
    {
      "name": "Coles Kitchen Creme Royale Potato Mash | 350g",
      "price": 5.5,
      "was_price": null,
      "unit_price": null,
      "product_url": "https://www.coles.com.au/product/coles-kitchen-creme-royale-potato-mash-350g-2679519",
      "product_id": "2679519",
      "image_url": "https://productimages.coles.com.au/productimages/2/2679519.jpg",
      "store": "coles"
    },
    {
      "name": "Coles Organic Zucchini | 500g",
      "price": 6.5,
      "was_price": null,
      "unit_price": null,
      "product_url": "https://www.coles.com.au/product/coles-organic-zucchini-500g-5032219",
      "product_id": "5032219",
      "image_url": "https://productimages.coles.com.au/productimages/5/5032219.jpg",
      "store": "coles"
    },
    {
      "name": "Coles Organic Baby Cos Lettuce | 2 Pack",
      "price": 5.0,
      "was_price": null,
      "unit_price": null,
      "product_url": "https://www.coles.com.au/product/coles-organic-baby-cos-lettuce-2-pack-9210035",
      "product_id": "9210035",
      "image_url": "https://productimages.coles.com.au/productimages/9/9210035.jpg",
      "store": "coles"
    },
    {
      "name": "Coles Parsnips Loose | approx. 200g",
      "price": 2.4,
      "was_price": null,
      "unit_price": null,
      "product_url": "https://www.coles.com.au/product/coles-parsnips-loose-approx.-200g-5298748",
      "product_id": "5298748",
      "image_url": "https://productimages.coles.com.au/productimages/5/5298748.jpg",
      "store": "coles"
    },
    {
      "name": "Coles Lettuce Decorative Oak Red | 1 each",
      "price": 3.2,
      "was_price": null,
      "unit_price": null,
      "product_url": "https://www.coles.com.au/product/coles-lettuce-decorative-oak-red-1-each-4596456",
      "product_id": "4596456",
      "image_url": "https://productimages.coles.com.au/productimages/4/4596456.jpg",
      "store": "coles"
    },
    {
      "name": "Coles Silverbeet Medium | 1 Each",
      "price": 4.8,
      "was_price": null,
      "unit_price": null,
      "product_url": "https://www.coles.com.au/product/coles-silverbeet-medium-1-each-408383",
      "product_id": "408383",
      "image_url": "https://productimages.coles.com.au/productimages/4/408383.jpg",
      "store": "coles"
    },
    {
      "name": "Coles Organic Spring Onions | 1 Each",
      "price": 5.5,
      "was_price": null,
      "unit_price": null,
      "product_url": "https://www.coles.com.au/product/coles-organic-spring-onions-1-each-5011831",
      "product_id": "5011831",
      "image_url": "https://productimages.coles.com.au/productimages/5/5011831.jpg",
      "store": "coles"
    },
    {
      "name": "Coles Salad Onions | 1 each",
      "price": 5.8,
      "was_price": null,
      "unit_price": null,
      "product_url": "https://www.coles.com.au/product/coles-salad-onions-1-each-54972",
      "product_id": "54972",
      "image_url": "https://productimages.coles.com.au/productimages/5/54972.jpg",
      "store": "coles"
    },
    {
      "name": "Coles White Flat Mushrooms | 375g",
      "price": 7.0,
      "was_price": null,
      "unit_price": null,
      "product_url": "https://www.coles.com.au/product/coles-white-flat-mushrooms-375g-4835466",
      "product_id": "4835466",
      "image_url": "https://productimages.coles.com.au/productimages/4/4835466.jpg",
      "store": "coles"
    },
    {
      "name": "Coles Organic Green Beans | 250g",
      "price": 6.5,
      "was_price": null,
      "unit_price": null,
      "product_url": "https://www.coles.com.au/product/coles-organic-green-beans-250g-9861850",
      "product_id": "9861850",
      "image_url": "https://productimages.coles.com.au/productimages/9/9861850.jpg",
      "store": "coles"
    },
    {
      "name": "Coles Organic Pumpkin Kent | approx. 800g",
      "price": 5.2,
      "was_price": null,
      "unit_price": null,
      "product_url": "https://www.coles.com.au/product/coles-organic-pumpkin-kent-approx.-800g-3119043",
      "product_id": "3119043",
      "image_url": "https://productimages.coles.com.au/productimages/3/3119043.jpg",
      "store": "coles"
    },
    {
      "name": "Coles Organic Choy Pack | 1 Bunch",
      "price": 5.5,
      "was_price": null,
      "unit_price": null,
      "product_url": "https://www.coles.com.au/product/coles-organic-choy-pack-1-bunch-5017430",
      "product_id": "5017430",
      "image_url": "https://productimages.coles.com.au/productimages/5/5017430.jpg",
      "store": "coles"
    },
    {
      "name": "Coles Dutch Carrots | 1 each",
      "price": 5.8,
      "was_price": null,
      "unit_price": null,
      "product_url": "https://www.coles.com.au/product/coles-dutch-carrots-1-each-4924034",
      "product_id": "4924034",
      "image_url": "https://productimages.coles.com.au/productimages/4/4924034.jpg",
      "store": "coles"
    },
    {
      "name": "Coles Organic Cabbage Whole | 1 Each",
      "price": 6.9,
      "was_price": null,
      "unit_price": null,
      "product_url": "https://www.coles.com.au/product/coles-organic-cabbage-whole-1-each-7233448",
      "product_id": "7233448",
      "image_url": "https://productimages.coles.com.au/productimages/7/7233448.jpg",
      "store": "coles"
    },
    {
      "name": "Coles Organic Sweet Corn | 3 Pack",
      "price": 7.9,
      "was_price": null,
      "unit_price": null,
      "product_url": "https://www.coles.com.au/product/coles-organic-sweet-corn-3-pack-2985377",
      "product_id": "2985377",
      "image_url": "https://productimages.coles.com.au/productimages/2/2985377.jpg",
      "store": "coles"
    },
    {
      "name": "Coles Mix-a-mato Grape Tomatoes | 300g",
      "price": 5.9,
      "was_price": null,
      "unit_price": null,
      "product_url": "https://www.coles.com.au/product/coles-mix-a-mato-grape-tomatoes-300g-3835890",
      "product_id": "3835890",
      "image_url": "https://productimages.coles.com.au/productimages/3/3835890.jpg",
      "store": "coles"
    }
  ],
  "aldi": [
    {
      "name": "Garlic 3 Pack",
      "price": 2.99,
      "size": "3 each",
      "product_url": "https://www.aldi.com.au/product/no-brand-garlic-3-pack-000000000000380071",
      "store": "aldi"
    },
    {
      "name": "Garlic Loose",
      "price": 1.8,
      "size": "approx. 0.06 kg per piece",
      "product_url": "https://www.aldi.com.au/product/no-brand-garlic-loose-000000000000380072",
      "store": "aldi"
    },
    {
      "name": "Ginger Loose",
      "price": 3.6,
      "size": "approx. 0.12 kg per piece",
      "product_url": "https://www.aldi.com.au/product/no-brand-ginger-loose-000000000000380075",
      "store": "aldi"
    },
    {
      "name": "Gold Sweet Potatoes Loose",
      "price": 1.8,
      "size": "approx. 0.45 kg per piece",
      "product_url": "https://www.aldi.com.au/product/no-brand-gold-sweet-potatoes-loose-000000000000380080",
      "store": "aldi"
    },
    {
      "name": "Gourmet Tomatoes 500g",
      "price": 3.99,
      "size": "0.5 kg",
      "product_url": "https://www.aldi.com.au/product/no-brand-gourmet-tomatoes-500g-000000000000380083",
      "store": "aldi"
    },
    {
      "name": "Gourmet Tomatoes Loose",
      "price": 0.84,
      "size": "approx. 0.14 kg per piece",
      "product_url": "https://www.aldi.com.au/product/no-brand-gourmet-tomatoes-loose-000000000000380084",
      "store": "aldi"
    },
    {
      "name": "Green Capsicum Loose",
      "price": 2.0,
      "size": "approx. 0.25 kg per piece",
      "product_url": "https://www.aldi.com.au/product/no-brand-green-capsicum-loose-000000000000380088",
      "store": "aldi"
    },
    {
      "name": "Hass Avocado Each",
      "price": 2.19,
      "size": "1 each",
      "product_url": "https://www.aldi.com.au/product/no-brand-hass-avocado-each-000000000000380092",
      "store": "aldi"
    },
    {
      "name": "Hass Avocados 5 Pack",
      "price": 5.99,
      "size": "5 each",
      "product_url": "https://www.aldi.com.au/product/no-brand-hass-avocados-5-pack-000000000000380094",
      "store": "aldi"
    },
    {
      "name": "Iceberg Bagged Lettuce Each",
      "price": 2.99,
      "size": "1 each",
      "product_url": "https://www.aldi.com.au/product/no-brand-iceberg-bagged-lettuce-each-000000000000380100",
      "store": "aldi"
    },
    {
      "name": "Kale Bunch",
      "price": 3.49,
      "size": "1 each",
      "product_url": "https://www.aldi.com.au/product/no-brand-kale-bunch-000000000000380109",
      "store": "aldi"
    },
    {
      "name": "Kent Pumpkins Loose",
      "price": 2.69,
      "size": "approx. 1 kg per piece",
      "product_url": "https://www.aldi.com.au/product/no-brand-kent-pumpkins-loose-000000000000380119",
      "store": "aldi"
    },
    {
      "name": "Lebanese Cucumbers 600g",
      "price": 4.99,
      "size": "0.6 kg",
      "product_url": "https://www.aldi.com.au/product/no-brand-lebanese-cucumbers-600g-000000000000380125",
      "store": "aldi"
    },
    {
      "name": "Lebanese Cucumbers Loose",
      "price": 1.47,
      "size": "approx. 0.21 kg per piece",
      "product_url": "https://www.aldi.com.au/product/no-brand-lebanese-cucumbers-loose-000000000000380126",
      "store": "aldi"
    },
    {
      "name": "Leek Each",
      "price": 2.49,
      "size": "1 each",
      "product_url": "https://www.aldi.com.au/product/no-brand-leek-each-000000000000380127",
      "store": "aldi"
    }
  ],
  "iga": [
    {
      "name": "Baby Capsicums",
      "price": 5.9,
      "was_price": null,
      "size": "175 Gram",
      "unit_price": "$3.37/per 100g",
      "product_url": "https://www.igashop.com.au/product/baby-capsicums-1800000069176",
      "store": "iga"
    },
    {
      "name": "Enoki Mushrooms",
      "price": 5.9,
      "was_price": null,
      "size": "300 Gram",
      "unit_price": "$1.97/per 100g",
      "product_url": "https://www.igashop.com.au/product/enoki-mushrooms-1800000069177",
      "store": "iga"
    },
    {
      "name": "Fresh Baby Corn",
      "price": 4.9,
      "was_price": null,
      "size": "115 Gram",
      "unit_price": "$4.26/per 100g",
      "product_url": "https://www.igashop.com.au/product/fresh-baby-corn-1800000069180",
      "store": "iga"
    },
    {
      "name": "Sweet Corn",
      "price": 4.0,
      "was_price": 6.9,
      "size": "500 Gram",
      "unit_price": "$0.80/per 100g",
      "product_url": "https://www.igashop.com.au/product/sweet-corn-1800000069181",
      "store": "iga"
    },
    {
      "name": "Alfalfa Beanshoots",
      "price": 1.9,
      "was_price": null,
      "size": "250 Gram",
      "unit_price": "$0.76/per 100g",
      "product_url": "https://www.igashop.com.au/product/alfalfa-beanshoots-180000000654",
      "store": "iga"
    },
    {
      "name": "Australian Grown Baby Beetroot",
      "price": 4.9,
      "was_price": null,
      "size": "250 Gram",
      "unit_price": "$1.96/per 100g",
      "product_url": "https://www.igashop.com.au/product/australian-grown-baby-beetroot-746033",
      "store": "iga"
    },
    {
      "name": "Avofresh Avocado",
      "price": 6.9,
      "was_price": null,
      "size": "160 Gram",
      "unit_price": "$4.31/per 100g",
      "product_url": "https://www.igashop.com.au/product/avofresh-avocado-180000001388",
      "store": "iga"
    },
    {
      "name": "Avofresh Avocado Lime & Black Pepper",
      "price": 6.9,
      "was_price": null,
      "size": "160 Gram",
      "unit_price": "$4.31/per 100g",
      "product_url": "https://www.igashop.com.au/product/avofresh-avocado-lime-black-pepper-1800000070501",
      "store": "iga"
    },
    {
      "name": "Avofresh Avocado Smashed",
      "price": 6.9,
      "was_price": null,
      "size": "160 Gram",
      "unit_price": "$4.31/per 100g",
      "product_url": "https://www.igashop.com.au/product/avofresh-avocado-smashed-644561",
      "store": "iga"
    },
    {
      "name": "Avofresh Chunky Lemon",
      "price": 6.9,
      "was_price": null,
      "size": "160 Gram",
      "unit_price": "$4.31/per 100g",
      "product_url": "https://www.igashop.com.au/product/avofresh-chunky-lemon-180000002046",
      "store": "iga"
    },
    {
      "name": "Avofresh Classic Guacamole",
      "price": 6.9,
      "was_price": null,
      "size": "160 Gram",
      "unit_price": "$4.31/per 100g",
      "product_url": "https://www.igashop.com.au/product/avofresh-classic-guacamole-180000002047",
      "store": "iga"
    },
    {
      "name": "Avofrsh Avocado Soft Lemon",
      "price": 6.9,
      "was_price": null,
      "size": "160 Gram",
      "unit_price": "$4.31/per 100g",
      "product_url": "https://www.igashop.com.au/product/avofrsh-avocado-soft-lemon-180000006115",
      "store": "iga"
    },
    {
      "name": "Baby Beetroot Prepack",
      "price": 4.9,
      "was_price": null,
      "size": null,
      "unit_price": null,
      "product_url": "https://www.igashop.com.au/product/baby-beetroot-prepack-80050129",
      "store": "iga"
    },
    {
      "name": "Baby Broccoli Bunch",
      "price": 3.9,
      "was_price": null,
      "size": null,
      "unit_price": null,
      "product_url": "https://www.igashop.com.au/product/baby-broccoli-bunch-80050001",
      "store": "iga"
    },
    {
      "name": "Baby Corn Prepack",
      "price": 4.9,
      "was_price": null,
      "size": null,
      "unit_price": null,
      "product_url": "https://www.igashop.com.au/product/baby-corn-prepack-80050130",
      "store": "iga"
    },
    {
      "name": "Basil Bunch",
      "price": 5.9,
      "was_price": null,
      "size": null,
      "unit_price": null,
      "product_url": "https://www.igashop.com.au/product/basil-bunch-80050078",
      "store": "iga"
    },
    {
      "name": "Bendigo Fresh Midi Cos Lettuce",
      "price": 3.9,
      "was_price": null,
      "size": null,
      "unit_price": null,
      "product_url": "https://www.igashop.com.au/product/bendigo-fresh-midi-cos-lettuce-180000002150",
      "store": "iga"
    },
    {
      "name": "Bok Choy Asian Greens",
      "price": 3.9,
      "was_price": null,
      "size": null,
      "unit_price": null,
      "product_url": "https://www.igashop.com.au/product/bok-choy-asian-greens-80050005",
      "store": "iga"
    },
    {
      "name": "Broccoli Floret",
      "price": 7.9,
      "was_price": null,
      "size": "340 Gram",
      "unit_price": "$7.90/per kg",
      "product_url": "https://www.igashop.com.au/product/broccoli-floret-80060003",
      "store": "iga"
    },
    {
      "name": "Broccolini Bunch",
      "price": 3.9,
      "was_price": null,
      "size": null,
      "unit_price": null,
      "product_url": "https://www.igashop.com.au/product/broccolini-bunch-80050004",
      "store": "iga"
    }
  ],
  "top_30": [
    {
      "name": "Carrot Fresh each",
      "price": 0.35,
      "stockcode": "135344",
      "store": "woolworths",
      "image_url": "https://cdn0.woolworths.media/content/wowproductimages/large/135344.jpg"
    },
    {
      "name": "Tomato Roma Red each",
      "price": 0.35,
      "stockcode": "149864",
      "store": "woolworths",
      "image_url": "https://cdn0.woolworths.media/content/wowproductimages/large/149864.jpg"
    },
    {
      "name": "Gourmet Tomato each",
      "price": 0.43,
      "stockcode": "134034",
      "store": "woolworths",
      "image_url": "https://cdn0.woolworths.media/content/wowproductimages/large/134034.jpg"
    },
    {
      "name": "Coles Carrots Loose | approx. 170g",
      "price": 0.44,
      "was_price": null,
      "unit_price": null,
      "product_url": "https://www.coles.com.au/product/coles-carrots-loose-approx.-170g-4223335",
      "product_id": "4223335",
      "image_url": "https://productimages.coles.com.au/productimages/4/4223335.jpg",
      "store": "coles"
    },
    {
      "name": "Coles Brown Onion Shallots Loose | approx. 35g",
      "price": 0.46,
      "was_price": null,
      "unit_price": null,
      "product_url": "https://www.coles.com.au/product/coles-brown-onion-shallots-loose-approx.-35g-each-5134809",
      "product_id": "5134809",
      "image_url": "https://productimages.coles.com.au/productimages/5/5134809.jpg",
      "store": "coles"
    },
    {
      "name": "Coles Tomatoes Greenhouse Truss | approx. 130g",
      "price": 0.51,
      "was_price": null,
      "unit_price": null,
      "product_url": "https://www.coles.com.au/product/coles-tomatoes-greenhouse-truss-approx.-130g-4628676",
      "product_id": "4628676",
      "image_url": "https://productimages.coles.com.au/productimages/4/4628676.jpg",
      "store": "coles"
    },
    {
      "name": "Coles Roma Tomatoes Loose | approx. 70g",
      "price": 0.55,
      "was_price": null,
      "unit_price": null,
      "product_url": "https://www.coles.com.au/product/coles-roma-tomatoes-loose-approx.-70g-4594712",
      "product_id": "4594712",
      "image_url": "https://productimages.coles.com.au/productimages/4/4594712.jpg",
      "store": "coles"
    },
    {
      "name": "Onion Brown each",
      "price": 0.59,
      "stockcode": "144329",
      "store": "woolworths",
      "image_url": "https://cdn0.woolworths.media/content/wowproductimages/large/144329.jpg"
    },
    {
      "name": "Onion Shallot French each",
      "price": 0.65,
      "stockcode": "189459",
      "store": "woolworths",
      "image_url": "https://cdn0.woolworths.media/content/wowproductimages/large/189459.jpg"
    },
    {
      "name": "Coles Loose Brown Onions | approx. 200g",
      "price": 0.78,
      "was_price": null,
      "unit_price": null,
      "product_url": "https://www.coles.com.au/product/coles-loose-brown-onions-approx.-200g-4239517",
      "product_id": "4239517",
      "image_url": "https://productimages.coles.com.au/productimages/4/4239517.jpg",
      "store": "coles"
    },
    {
      "name": "Coles Lebanese Cucumbers | approx. 160g",
      "price": 0.78,
      "was_price": null,
      "unit_price": null,
      "product_url": "https://www.coles.com.au/product/coles-lebanese-cucumbers-approx.-160g-4575208",
      "product_id": "4575208",
      "image_url": "https://productimages.coles.com.au/productimages/4/4575208.jpg",
      "store": "coles"
    },
    {
      "name": "Coles Creme Gold Washed Potatoes Loose | approx. 150g",
      "price": 0.8,
      "was_price": null,
      "unit_price": null,
      "product_url": "https://www.coles.com.au/product/coles-creme-gold-washed-potatoes-loose-approx.-150g-1182162",
      "product_id": "1182162",
      "image_url": "https://productimages.coles.com.au/productimages/1/1182162.jpg",
      "store": "coles"
    },
    {
      "name": "Truss Tomatoes each",
      "price": 0.83,
      "stockcode": "169438",
      "store": "woolworths",
      "image_url": "https://cdn0.woolworths.media/content/wowproductimages/large/169438.jpg"
    },
    {
      "name": "Onion Red each",
      "price": 0.83,
      "stockcode": "144497",
      "store": "woolworths",
      "image_url": "https://cdn0.woolworths.media/content/wowproductimages/large/144497.jpg"
    },
    {
      "name": "Gourmet Tomatoes Loose",
      "price": 0.84,
      "size": "approx. 0.14 kg per piece",
      "product_url": "https://www.aldi.com.au/product/no-brand-gourmet-tomatoes-loose-000000000000380084",
      "store": "aldi"
    },
    {
      "name": "Coles Red Royale Potatoes Loose | approx. 170g",
      "price": 0.9,
      "was_price": null,
      "unit_price": null,
      "product_url": "https://www.coles.com.au/product/coles-red-royale-potatoes-loose-approx.-170g-1181308",
      "product_id": "1181308",
      "image_url": "https://productimages.coles.com.au/productimages/1/1181308.jpg",
      "store": "coles"
    },
    {
      "name": "Potato White Washed each",
      "price": 0.95,
      "stockcode": "208895",
      "store": "woolworths",
      "image_url": "https://cdn0.woolworths.media/content/wowproductimages/large/208895.jpg"
    },
    {
      "name": "Potato Red Washed each",
      "price": 0.95,
      "stockcode": "111670",
      "store": "woolworths",
      "image_url": "https://cdn0.woolworths.media/content/wowproductimages/large/111670.jpg"
    },
    {
      "name": "Coles Tomatoes Gourmet | approx. 130g",
      "price": 1.03,
      "was_price": null,
      "unit_price": null,
      "product_url": "https://www.coles.com.au/product/coles-tomatoes-gourmet-approx.-130g-4597109",
      "product_id": "4597109",
      "image_url": "https://productimages.coles.com.au/productimages/4/4597109.jpg",
      "store": "coles"
    },
    {
      "name": "Coles Onions Red Local | approx. 200g",
      "price": 1.1,
      "was_price": null,
      "unit_price": null,
      "product_url": "https://www.coles.com.au/product/coles-onions-red-local-approx.-200g-4218459",
      "product_id": "4218459",
      "image_url": "https://productimages.coles.com.au/productimages/4/4218459.jpg",
      "store": "coles"
    },
    {
      "name": "Coles Potatoes Creme Royale Brushed | approx. 200g",
      "price": 1.1,
      "was_price": null,
      "unit_price": null,
      "product_url": "https://www.coles.com.au/product/coles-potatoes-creme-royale-brushed-approx.-200g-1022610",
      "product_id": "1022610",
      "image_url": "https://productimages.coles.com.au/productimages/1/1022610.jpg",
      "store": "coles"
    },
    {
      "name": "Coles Beetroot Loose | approx. 170g",
      "price": 1.1,
      "was_price": null,
      "unit_price": null,
      "product_url": "https://www.coles.com.au/product/coles-beetroot-loose-approx.-170g-each-5288711",
      "product_id": "5288711",
      "image_url": "https://productimages.coles.com.au/productimages/5/5288711.jpg",
      "store": "coles"
    },
    {
      "name": "Coles Green Zucchini | approx. 200g",
      "price": 1.18,
      "was_price": null,
      "unit_price": null,
      "product_url": "https://www.coles.com.au/product/coles-green-zucchini-approx.-200g-4910506",
      "product_id": "4910506",
      "image_url": "https://productimages.coles.com.au/productimages/4/4910506.jpg",
      "store": "coles"
    },
    {
      "name": "Fresh Zucchini Green each",
      "price": 1.18,
      "stockcode": "170225",
      "store": "woolworths",
      "image_url": "https://cdn0.woolworths.media/content/wowproductimages/large/170225.jpg"
    },
    {
      "name": "Lebanese Cucumbers each",
      "price": 1.24,
      "stockcode": "137130",
      "store": "woolworths",
      "image_url": "https://cdn0.woolworths.media/content/wowproductimages/large/137130.jpg"
    },
    {
      "name": "The Odd Bunch Continental Cucumber each",
      "price": 1.3,
      "stockcode": "829360",
      "store": "woolworths",
      "image_url": "https://cdn0.woolworths.media/content/wowproductimages/large/829360.jpg"
    },
    {
      "name": "Potato Brushed each",
      "price": 1.38,
      "stockcode": "246566",
      "store": "woolworths",
      "image_url": "https://cdn0.woolworths.media/content/wowproductimages/large/246566.jpg"
    },
    {
      "name": "Lebanese Cucumbers Loose",
      "price": 1.47,
      "size": "approx. 0.21 kg per piece",
      "product_url": "https://www.aldi.com.au/product/no-brand-lebanese-cucumbers-loose-000000000000380126",
      "store": "aldi"
    },
    {
      "name": "Coles Green Beans Loose | approx. 200g",
      "price": 1.5,
      "was_price": null,
      "unit_price": null,
      "product_url": "https://www.coles.com.au/product/coles-green-beans-loose-approx.-200g-407675",
      "product_id": "407675",
      "image_url": "https://productimages.coles.com.au/productimages/4/407675.jpg",
      "store": "coles"
    },
    {
      "name": "Coles Snow Peas Loose | approx. 100g",
      "price": 1.55,
      "was_price": null,
      "unit_price": null,
      "product_url": "https://www.coles.com.au/product/coles-snow-peas-loose-approx.-100g-each-123328",
      "product_id": "123328",
      "image_url": "https://productimages.coles.com.au/productimages/1/123328.jpg",
      "store": "coles"
    }
  ],
  "woolworths": [
    {
      "name": "Carrot Fresh each",
      "price": 0.35,
      "stockcode": "135344",
      "store": "woolworths",
      "image_url": "https://cdn0.woolworths.media/content/wowproductimages/large/135344.jpg"
    },
    {
      "name": "Tomato Roma Red each",
      "price": 0.35,
      "stockcode": "149864",
      "store": "woolworths",
      "image_url": "https://cdn0.woolworths.media/content/wowproductimages/large/149864.jpg"
    },
    {
      "name": "Gourmet Tomato each",
      "price": 0.43,
      "stockcode": "134034",
      "store": "woolworths",
      "image_url": "https://cdn0.woolworths.media/content/wowproductimages/large/134034.jpg"
    },
    {
      "name": "Onion Brown each",
      "price": 0.59,
      "stockcode": "144329",
      "store": "woolworths",
      "image_url": "https://cdn0.woolworths.media/content/wowproductimages/large/144329.jpg"
    },
    {
      "name": "Onion Shallot French each",
      "price": 0.65,
      "stockcode": "189459",
      "store": "woolworths",
      "image_url": "https://cdn0.woolworths.media/content/wowproductimages/large/189459.jpg"
    },
    {
      "name": "Truss Tomatoes each",
      "price": 0.83,
      "stockcode": "169438",
      "store": "woolworths",
      "image_url": "https://cdn0.woolworths.media/content/wowproductimages/large/169438.jpg"
    },
    {
      "name": "Onion Red each",
      "price": 0.83,
      "stockcode": "144497",
      "store": "woolworths",
      "image_url": "https://cdn0.woolworths.media/content/wowproductimages/large/144497.jpg"
    },
    {
      "name": "Potato White Washed each",
      "price": 0.95,
      "stockcode": "208895",
      "store": "woolworths",
      "image_url": "https://cdn0.woolworths.media/content/wowproductimages/large/208895.jpg"
    },
    {
      "name": "Potato Red Washed each",
      "price": 0.95,
      "stockcode": "111670",
      "store": "woolworths",
      "image_url": "https://cdn0.woolworths.media/content/wowproductimages/large/111670.jpg"
    },
    {
      "name": "Fresh Zucchini Green each",
      "price": 1.18,
      "stockcode": "170225",
      "store": "woolworths",
      "image_url": "https://cdn0.woolworths.media/content/wowproductimages/large/170225.jpg"
    },
    {
      "name": "Lebanese Cucumbers each",
      "price": 1.24,
      "stockcode": "137130",
      "store": "woolworths",
      "image_url": "https://cdn0.woolworths.media/content/wowproductimages/large/137130.jpg"
    },
    {
      "name": "The Odd Bunch Continental Cucumber each",
      "price": 1.3,
      "stockcode": "829360",
      "store": "woolworths",
      "image_url": "https://cdn0.woolworths.media/content/wowproductimages/large/829360.jpg"
    },
    {
      "name": "Potato Brushed each",
      "price": 1.38,
      "stockcode": "246566",
      "store": "woolworths",
      "image_url": "https://cdn0.woolworths.media/content/wowproductimages/large/246566.jpg"
    },
    {
      "name": "Woolworths Continental Cucumbers each",
      "price": 1.7,
      "stockcode": "137102",
      "store": "woolworths",
      "image_url": "https://cdn0.woolworths.media/content/wowproductimages/large/137102.jpg"
    },
    {
      "name": "Corn Sweet each",
      "price": 1.7,
      "stockcode": "149374",
      "store": "woolworths",
      "image_url": "https://cdn0.woolworths.media/content/wowproductimages/large/149374.jpg"
    },
    {
      "name": "Woolworths Australian Grown Carrots 1kg",
      "price": 1.7,
      "stockcode": "135369",
      "store": "woolworths",
      "image_url": "https://cdn0.woolworths.media/content/wowproductimages/large/135369.jpg"
    },
    {
      "name": "Beans Round per 250g",
      "price": 1.73,
      "stockcode": "134072",
      "store": "woolworths",
      "image_url": "https://cdn0.woolworths.media/content/wowproductimages/large/134072.jpg"
    },
    {
      "name": "Garlic Head each",
      "price": 1.88,
      "stockcode": "713429",
      "store": "woolworths",
      "image_url": "https://cdn0.woolworths.media/content/wowproductimages/large/713429.jpg"
    },
    {
      "name": "Sweet Potato Gold each",
      "price": 1.96,
      "stockcode": "147071",
      "store": "woolworths",
      "image_url": "https://cdn0.woolworths.media/content/wowproductimages/large/147071.jpg"
    },
    {
      "name": "The Odd Bunch Carrots 1.5kg",
      "price": 2.0,
      "stockcode": "288440",
      "store": "woolworths",
      "image_url": "https://cdn0.woolworths.media/content/wowproductimages/large/288440.jpg"
    },
    {
      "name": "Woolworths Baby Leaf Spinach 60g",
      "price": 2.0,
      "stockcode": "379515",
      "store": "woolworths",
      "image_url": "https://cdn0.woolworths.media/content/wowproductimages/large/379515.jpg"
    },
    {
      "name": "Capsicum Green each",
      "price": 2.23,
      "stockcode": "135156",
      "store": "woolworths",
      "image_url": "https://cdn0.woolworths.media/content/wowproductimages/large/135156.jpg"
    },
    {
      "name": "Hass Avocado each",
      "price": 2.5,
      "stockcode": "120080",
      "store": "woolworths",
      "image_url": "https://cdn0.woolworths.media/content/wowproductimages/large/120080.jpg"
    },
    {
      "name": "Eat Now Hass Avocado each",
      "price": 2.5,
      "stockcode": "220484",
      "store": "woolworths",
      "image_url": "https://cdn0.woolworths.media/content/wowproductimages/large/220484.jpg"
    },
    {
      "name": "Mushrooms Cups Loose per 200g",
      "price": 2.5,
      "stockcode": "143109",
      "store": "woolworths",
      "image_url": "https://cdn0.woolworths.media/content/wowproductimages/large/143109.jpg"
    },
    {
      "name": "Butternut Pumpkin Cut each",
      "price": 2.61,
      "stockcode": "147197",
      "store": "woolworths",
      "image_url": "https://cdn0.woolworths.media/content/wowproductimages/large/147197.jpg"
    },
    {
      "name": "Fresh Broccoli each",
      "price": 2.81,
      "stockcode": "134681",
      "store": "woolworths",
      "image_url": "https://cdn0.woolworths.media/content/wowproductimages/large/134681.jpg"
    },
    {
      "name": "Woolworths Cherry Tomatoes Punnet 250g",
      "price": 2.9,
      "stockcode": "149620",
      "store": "woolworths",
      "image_url": "https://cdn0.woolworths.media/content/wowproductimages/large/149620.jpg"
    },
    {
      "name": "Mini-Roma Tomato Punnet 250g",
      "price": 2.9,
      "stockcode": "166144",
      "store": "woolworths",
      "image_url": "https://cdn0.woolworths.media/content/wowproductimages/large/166144.jpg"
    },
    {
      "name": "Iceberg Lettuce each",
      "price": 3.0,
      "stockcode": "154340",
      "store": "woolworths",
      "image_url": "https://cdn0.woolworths.media/content/wowproductimages/large/154340.jpg"
    },
    {
      "name": "Ginger Fresh per 80g",
      "price": 3.12,
      "stockcode": "138082",
      "store": "woolworths",
      "image_url": "https://cdn0.woolworths.media/content/wowproductimages/large/138082.jpg"
    },
    {
      "name": "Woolworths Fresh Herb Coriander Bunch each",
      "price": 3.2,
      "stockcode": "137091",
      "store": "woolworths",
      "image_url": "https://cdn0.woolworths.media/content/wowproductimages/large/137091.jpg"
    },
    {
      "name": "Red Capsicum each",
      "price": 3.23,
      "stockcode": "135306",
      "store": "woolworths",
      "image_url": "https://cdn0.woolworths.media/content/wowproductimages/large/135306.jpg"
    },
    {
      "name": "Pumpkin Kent Cut each",
      "price": 3.33,
      "stockcode": "143709",
      "store": "woolworths",
      "image_url": "https://cdn0.woolworths.media/content/wowproductimages/large/143709.jpg"
    },
    {
      "name": "Celery Fresh Whole each",
      "price": 3.9,
      "stockcode": "135918",
      "store": "woolworths",
      "image_url": "https://cdn0.woolworths.media/content/wowproductimages/large/135918.jpg"
    }
  ],
  "all_vegetables": [
    {
      "name": "Carrot Fresh each",
      "price": 0.35,
      "stockcode": "135344",
      "store": "woolworths",
      "image_url": "https://cdn0.woolworths.media/content/wowproductimages/large/135344.jpg"
    },
    {
      "name": "Tomato Roma Red each",
      "price": 0.35,
      "stockcode": "149864",
      "store": "woolworths",
      "image_url": "https://cdn0.woolworths.media/content/wowproductimages/large/149864.jpg"
    },
    {
      "name": "Gourmet Tomato each",
      "price": 0.43,
      "stockcode": "134034",
      "store": "woolworths",
      "image_url": "https://cdn0.woolworths.media/content/wowproductimages/large/134034.jpg"
    },
    {
      "name": "Coles Carrots Loose | approx. 170g",
      "price": 0.44,
      "was_price": null,
      "unit_price": null,
      "product_url": "https://www.coles.com.au/product/coles-carrots-loose-approx.-170g-4223335",
      "product_id": "4223335",
      "image_url": "https://productimages.coles.com.au/productimages/4/4223335.jpg",
      "store": "coles"
    },
    {
      "name": "Coles Brown Onion Shallots Loose | approx. 35g",
      "price": 0.46,
      "was_price": null,
      "unit_price": null,
      "product_url": "https://www.coles.com.au/product/coles-brown-onion-shallots-loose-approx.-35g-each-5134809",
      "product_id": "5134809",
      "image_url": "https://productimages.coles.com.au/productimages/5/5134809.jpg",
      "store": "coles"
    },
    {
      "name": "Coles Tomatoes Greenhouse Truss | approx. 130g",
      "price": 0.51,
      "was_price": null,
      "unit_price": null,
      "product_url": "https://www.coles.com.au/product/coles-tomatoes-greenhouse-truss-approx.-130g-4628676",
      "product_id": "4628676",
      "image_url": "https://productimages.coles.com.au/productimages/4/4628676.jpg",
      "store": "coles"
    },
    {
      "name": "Coles Roma Tomatoes Loose | approx. 70g",
      "price": 0.55,
      "was_price": null,
      "unit_price": null,
      "product_url": "https://www.coles.com.au/product/coles-roma-tomatoes-loose-approx.-70g-4594712",
      "product_id": "4594712",
      "image_url": "https://productimages.coles.com.au/productimages/4/4594712.jpg",
      "store": "coles"
    },
    {
      "name": "Onion Brown each",
      "price": 0.59,
      "stockcode": "144329",
      "store": "woolworths",
      "image_url": "https://cdn0.woolworths.media/content/wowproductimages/large/144329.jpg"
    },
    {
      "name": "Onion Shallot French each",
      "price": 0.65,
      "stockcode": "189459",
      "store": "woolworths",
      "image_url": "https://cdn0.woolworths.media/content/wowproductimages/large/189459.jpg"
    },
    {
      "name": "Coles Loose Brown Onions | approx. 200g",
      "price": 0.78,
      "was_price": null,
      "unit_price": null,
      "product_url": "https://www.coles.com.au/product/coles-loose-brown-onions-approx.-200g-4239517",
      "product_id": "4239517",
      "image_url": "https://productimages.coles.com.au/productimages/4/4239517.jpg",
      "store": "coles"
    },
    {
      "name": "Coles Lebanese Cucumbers | approx. 160g",
      "price": 0.78,
      "was_price": null,
      "unit_price": null,
      "product_url": "https://www.coles.com.au/product/coles-lebanese-cucumbers-approx.-160g-4575208",
      "product_id": "4575208",
      "image_url": "https://productimages.coles.com.au/productimages/4/4575208.jpg",
      "store": "coles"
    },
    {
      "name": "Coles Creme Gold Washed Potatoes Loose | approx. 150g",
      "price": 0.8,
      "was_price": null,
      "unit_price": null,
      "product_url": "https://www.coles.com.au/product/coles-creme-gold-washed-potatoes-loose-approx.-150g-1182162",
      "product_id": "1182162",
      "image_url": "https://productimages.coles.com.au/productimages/1/1182162.jpg",
      "store": "coles"
    },
    {
      "name": "Truss Tomatoes each",
      "price": 0.83,
      "stockcode": "169438",
      "store": "woolworths",
      "image_url": "https://cdn0.woolworths.media/content/wowproductimages/large/169438.jpg"
    },
    {
      "name": "Onion Red each",
      "price": 0.83,
      "stockcode": "144497",
      "store": "woolworths",
      "image_url": "https://cdn0.woolworths.media/content/wowproductimages/large/144497.jpg"
    },
    {
      "name": "Gourmet Tomatoes Loose",
      "price": 0.84,
      "size": "approx. 0.14 kg per piece",
      "product_url": "https://www.aldi.com.au/product/no-brand-gourmet-tomatoes-loose-000000000000380084",
      "store": "aldi"
    },
    {
      "name": "Coles Red Royale Potatoes Loose | approx. 170g",
      "price": 0.9,
      "was_price": null,
      "unit_price": null,
      "product_url": "https://www.coles.com.au/product/coles-red-royale-potatoes-loose-approx.-170g-1181308",
      "product_id": "1181308",
      "image_url": "https://productimages.coles.com.au/productimages/1/1181308.jpg",
      "store": "coles"
    },
    {
      "name": "Potato White Washed each",
      "price": 0.95,
      "stockcode": "208895",
      "store": "woolworths",
      "image_url": "https://cdn0.woolworths.media/content/wowproductimages/large/208895.jpg"
    },
    {
      "name": "Potato Red Washed each",
      "price": 0.95,
      "stockcode": "111670",
      "store": "woolworths",
      "image_url": "https://cdn0.woolworths.media/content/wowproductimages/large/111670.jpg"
    },
    {
      "name": "Coles Tomatoes Gourmet | approx. 130g",
      "price": 1.03,
      "was_price": null,
      "unit_price": null,
      "product_url": "https://www.coles.com.au/product/coles-tomatoes-gourmet-approx.-130g-4597109",
      "product_id": "4597109",
      "image_url": "https://productimages.coles.com.au/productimages/4/4597109.jpg",
      "store": "coles"
    },
    {
      "name": "Coles Onions Red Local | approx. 200g",
      "price": 1.1,
      "was_price": null,
      "unit_price": null,
      "product_url": "https://www.coles.com.au/product/coles-onions-red-local-approx.-200g-4218459",
      "product_id": "4218459",
      "image_url": "https://productimages.coles.com.au/productimages/4/4218459.jpg",
      "store": "coles"
    },
    {
      "name": "Coles Potatoes Creme Royale Brushed | approx. 200g",
      "price": 1.1,
      "was_price": null,
      "unit_price": null,
      "product_url": "https://www.coles.com.au/product/coles-potatoes-creme-royale-brushed-approx.-200g-1022610",
      "product_id": "1022610",
      "image_url": "https://productimages.coles.com.au/productimages/1/1022610.jpg",
      "store": "coles"
    },
    {
      "name": "Coles Beetroot Loose | approx. 170g",
      "price": 1.1,
      "was_price": null,
      "unit_price": null,
      "product_url": "https://www.coles.com.au/product/coles-beetroot-loose-approx.-170g-each-5288711",
      "product_id": "5288711",
      "image_url": "https://productimages.coles.com.au/productimages/5/5288711.jpg",
      "store": "coles"
    },
    {
      "name": "Coles Green Zucchini | approx. 200g",
      "price": 1.18,
      "was_price": null,
      "unit_price": null,
      "product_url": "https://www.coles.com.au/product/coles-green-zucchini-approx.-200g-4910506",
      "product_id": "4910506",
      "image_url": "https://productimages.coles.com.au/productimages/4/4910506.jpg",
      "store": "coles"
    },
    {
      "name": "Fresh Zucchini Green each",
      "price": 1.18,
      "stockcode": "170225",
      "store": "woolworths",
      "image_url": "https://cdn0.woolworths.media/content/wowproductimages/large/170225.jpg"
    },
    {
      "name": "Lebanese Cucumbers each",
      "price": 1.24,
      "stockcode": "137130",
      "store": "woolworths",
      "image_url": "https://cdn0.woolworths.media/content/wowproductimages/large/137130.jpg"
    },
    {
      "name": "The Odd Bunch Continental Cucumber each",
      "price": 1.3,
      "stockcode": "829360",
      "store": "woolworths",
      "image_url": "https://cdn0.woolworths.media/content/wowproductimages/large/829360.jpg"
    },
    {
      "name": "Potato Brushed each",
      "price": 1.38,
      "stockcode": "246566",
      "store": "woolworths",
      "image_url": "https://cdn0.woolworths.media/content/wowproductimages/large/246566.jpg"
    },
    {
      "name": "Lebanese Cucumbers Loose",
      "price": 1.47,
      "size": "approx. 0.21 kg per piece",
      "product_url": "https://www.aldi.com.au/product/no-brand-lebanese-cucumbers-loose-000000000000380126",
      "store": "aldi"
    },
    {
      "name": "Coles Green Beans Loose | approx. 200g",
      "price": 1.5,
      "was_price": null,
      "unit_price": null,
      "product_url": "https://www.coles.com.au/product/coles-green-beans-loose-approx.-200g-407675",
      "product_id": "407675",
      "image_url": "https://productimages.coles.com.au/productimages/4/407675.jpg",
      "store": "coles"
    },
    {
      "name": "Coles Snow Peas Loose | approx. 100g",
      "price": 1.55,
      "was_price": null,
      "unit_price": null,
      "product_url": "https://www.coles.com.au/product/coles-snow-peas-loose-approx.-100g-each-123328",
      "product_id": "123328",
      "image_url": "https://productimages.coles.com.au/productimages/1/123328.jpg",
      "store": "coles"
    },
    {
      "name": "Coles Grandma's Heirloom Tomatoes Black | approx. 200g",
      "price": 1.58,
      "was_price": null,
      "unit_price": null,
      "product_url": "https://www.coles.com.au/product/coles-grandma's-heirloom-tomatoes-black-approx.-200g-7511380",
      "product_id": "7511380",
      "image_url": "https://productimages.coles.com.au/productimages/7/7511380.jpg",
      "store": "coles"
    },
    {
      "name": "Woolworths Continental Cucumbers each",
      "price": 1.7,
      "stockcode": "137102",
      "store": "woolworths",
      "image_url": "https://cdn0.woolworths.media/content/wowproductimages/large/137102.jpg"
    },
    {
      "name": "Corn Sweet each",
      "price": 1.7,
      "stockcode": "149374",
      "store": "woolworths",
      "image_url": "https://cdn0.woolworths.media/content/wowproductimages/large/149374.jpg"
    },
    {
      "name": "Woolworths Australian Grown Carrots 1kg",
      "price": 1.7,
      "stockcode": "135369",
      "store": "woolworths",
      "image_url": "https://cdn0.woolworths.media/content/wowproductimages/large/135369.jpg"
    },
    {
      "name": "Beans Round per 250g",
      "price": 1.73,
      "stockcode": "134072",
      "store": "woolworths",
      "image_url": "https://cdn0.woolworths.media/content/wowproductimages/large/134072.jpg"
    },
    {
      "name": "Coles Potatoes Sweet Gold | approx. 500g",
      "price": 1.75,
      "was_price": null,
      "unit_price": null,
      "product_url": "https://www.coles.com.au/product/coles-potatoes-sweet-gold-approx.-500g-4199503",
      "product_id": "4199503",
      "image_url": "https://productimages.coles.com.au/productimages/4/4199503.jpg",
      "store": "coles"
    },
    {
      "name": "Coles Wrapped Butternut Pumpkin | approx. 700g",
      "price": 1.75,
      "was_price": null,
      "unit_price": null,
      "product_url": "https://www.coles.com.au/product/coles-wrapped-butternut-pumpkin-approx.-700g-each-4190600",
      "product_id": "4190600",
      "image_url": "https://productimages.coles.com.au/productimages/4/4190600.jpg",
      "store": "coles"
    },
    {
      "name": "Garlic Loose",
      "price": 1.8,
      "size": "approx. 0.06 kg per piece",
      "product_url": "https://www.aldi.com.au/product/no-brand-garlic-loose-000000000000380072",
      "store": "aldi"
    },
    {
      "name": "Gold Sweet Potatoes Loose",
      "price": 1.8,
      "size": "approx. 0.45 kg per piece",
      "product_url": "https://www.aldi.com.au/product/no-brand-gold-sweet-potatoes-loose-000000000000380080",
      "store": "aldi"
    },
    {
      "name": "Garlic Head each",
      "price": 1.88,
      "stockcode": "713429",
      "store": "woolworths",
      "image_url": "https://cdn0.woolworths.media/content/wowproductimages/large/713429.jpg"
    },
    {
      "name": "Coles Sweet Corn | 1 Each",
      "price": 1.9,
      "was_price": null,
      "unit_price": null,
      "product_url": "https://www.coles.com.au/product/coles-sweet-corn-1-each-4562603",
      "product_id": "4562603",
      "image_url": "https://productimages.coles.com.au/productimages/4/4562603.jpg",
      "store": "coles"
    },
    {
      "name": "Coles Baby Carrots | 500g",
      "price": 1.9,
      "was_price": null,
      "unit_price": null,
      "product_url": "https://www.coles.com.au/product/coles-baby-carrots-500g-4236122",
      "product_id": "4236122",
      "image_url": "https://productimages.coles.com.au/productimages/4/4236122.jpg",
      "store": "coles"
    },
    {
      "name": "Alfalfa Beanshoots",
      "price": 1.9,
      "was_price": null,
      "size": "250 Gram",
      "unit_price": "$0.76/per 100g",
      "product_url": "https://www.igashop.com.au/product/alfalfa-beanshoots-180000000654",
      "store": "iga"
    },
    {
      "name": "Sweet Potato Gold each",
      "price": 1.96,
      "stockcode": "147071",
      "store": "woolworths",
      "image_url": "https://cdn0.woolworths.media/content/wowproductimages/large/147071.jpg"
    },
    {
      "name": "Coles Garlic Loose | approx. 60g",
      "price": 1.98,
      "was_price": null,
      "unit_price": null,
      "product_url": "https://www.coles.com.au/product/coles-garlic-loose-approx.-60g-each-6105715",
      "product_id": "6105715",
      "image_url": "https://productimages.coles.com.au/productimages/6/6105715.jpg",
      "store": "coles"
    },
    {
      "name": "Coles Grandma's Heirloom Tomatoes Red | approx. 250g",
      "price": 1.98,
      "was_price": null,
      "unit_price": null,
      "product_url": "https://www.coles.com.au/product/coles-grandma's-heirloom-tomatoes-red-approx.-250g-7511416",
      "product_id": "7511416",
      "image_url": "https://productimages.coles.com.au/productimages/7/7511416.jpg",
      "store": "coles"
    },
    {
      "name": "Coles Carrots | 1Kg",
      "price": 2.0,
      "was_price": null,
      "unit_price": null,
      "product_url": "https://www.coles.com.au/product/coles-carrots-1kg-9006560",
      "product_id": "9006560",
      "image_url": "https://productimages.coles.com.au/productimages/9/9006560.jpg",
      "store": "coles"
    },
    {
      "name": "Green Capsicum Loose",
      "price": 2.0,
      "size": "approx. 0.25 kg per piece",
      "product_url": "https://www.aldi.com.au/product/no-brand-green-capsicum-loose-000000000000380088",
      "store": "aldi"
    },
    {
      "name": "The Odd Bunch Carrots 1.5kg",
      "price": 2.0,
      "stockcode": "288440",
      "store": "woolworths",
      "image_url": "https://cdn0.woolworths.media/content/wowproductimages/large/288440.jpg"
    },
    {
      "name": "Woolworths Baby Leaf Spinach 60g",
      "price": 2.0,
      "stockcode": "379515",
      "store": "woolworths",
      "image_url": "https://cdn0.woolworths.media/content/wowproductimages/large/379515.jpg"
    },
    {
      "name": "Coles Capsicum Green Loose | approx. 220g",
      "price": 2.18,
      "was_price": null,
      "unit_price": null,
      "product_url": "https://www.coles.com.au/product/coles-capsicum-green-loose-approx.-220g-7214862",
      "product_id": "7214862",
      "image_url": "https://productimages.coles.com.au/productimages/7/7214862.jpg",
      "store": "coles"
    },
    {
      "name": "Hass Avocado Each",
      "price": 2.19,
      "size": "1 each",
      "product_url": "https://www.aldi.com.au/product/no-brand-hass-avocado-each-000000000000380092",
      "store": "aldi"
    },
    {
      "name": "Capsicum Green each",
      "price": 2.23,
      "stockcode": "135156",
      "store": "woolworths",
      "image_url": "https://cdn0.woolworths.media/content/wowproductimages/large/135156.jpg"
    },
    {
      "name": "Coles Parsnips Loose | approx. 200g",
      "price": 2.4,
      "was_price": null,
      "unit_price": null,
      "product_url": "https://www.coles.com.au/product/coles-parsnips-loose-approx.-200g-5298748",
      "product_id": "5298748",
      "image_url": "https://productimages.coles.com.au/productimages/5/5298748.jpg",
      "store": "coles"
    },
    {
      "name": "Leek Each",
      "price": 2.49,
      "size": "1 each",
      "product_url": "https://www.aldi.com.au/product/no-brand-leek-each-000000000000380127",
      "store": "aldi"
    },
    {
      "name": "Coles Cucumbers Continental Loose | 1 Each",
      "price": 2.5,
      "was_price": null,
      "unit_price": null,
      "product_url": "https://www.coles.com.au/product/coles-cucumbers-continental-loose-1-each-4575605",
      "product_id": "4575605",
      "image_url": "https://productimages.coles.com.au/productimages/4/4575605.jpg",
      "store": "coles"
    },
    {
      "name": "Coles Iceberg Lettuce | 1 Each",
      "price": 2.5,
      "was_price": null,
      "unit_price": null,
      "product_url": "https://www.coles.com.au/product/coles-iceberg-lettuce-1-each-4584071",
      "product_id": "4584071",
      "image_url": "https://productimages.coles.com.au/productimages/4/4584071.jpg",
      "store": "coles"
    },
    {
      "name": "Coles Fresh Loose Cup Mushrooms | approx. 200g",
      "price": 2.5,
      "was_price": null,
      "unit_price": null,
      "product_url": "https://www.coles.com.au/product/coles-fresh-loose-cup-mushrooms-approx.-200g-4594010",
      "product_id": "4594010",
      "image_url": "https://productimages.coles.com.au/productimages/4/4594010.jpg",
      "store": "coles"
    },
    {
      "name": "Coles Cherry Tomatoes | 250g",
      "price": 2.5,
      "was_price": null,
      "unit_price": null,
      "product_url": "https://www.coles.com.au/product/coles-cherry-tomatoes-250g-4834736",
      "product_id": "4834736",
      "image_url": "https://productimages.coles.com.au/productimages/4/4834736.jpg",
      "store": "coles"
    },
    {
      "name": "Coles Baby Beetroot Prepacked | 250g",
      "price": 2.5,
      "was_price": 3.0,
      "unit_price": null,
      "product_url": "https://www.coles.com.au/product/coles-baby-beetroot-prepacked-250g-3256849",
      "product_id": "3256849",
      "image_url": "https://productimages.coles.com.au/productimages/3/3256849.jpg",
      "store": "coles"
    },
    {
      "name": "Hass Avocado each",
      "price": 2.5,
      "stockcode": "120080",
      "store": "woolworths",
      "image_url": "https://cdn0.woolworths.media/content/wowproductimages/large/120080.jpg"
    },
    {
      "name": "Eat Now Hass Avocado each",
      "price": 2.5,
      "stockcode": "220484",
      "store": "woolworths",
      "image_url": "https://cdn0.woolworths.media/content/wowproductimages/large/220484.jpg"
    },
    {
      "name": "Mushrooms Cups Loose per 200g",
      "price": 2.5,
      "stockcode": "143109",
      "store": "woolworths",
      "image_url": "https://cdn0.woolworths.media/content/wowproductimages/large/143109.jpg"
    },
    {
      "name": "Coles I'M Perfect Carrots Prepacked | 1.5kg",
      "price": 2.6,
      "was_price": null,
      "unit_price": null,
      "product_url": "https://www.coles.com.au/product/coles-i'm-perfect-carrots-prepacked-1.5kg-3609392",
      "product_id": "3609392",
      "image_url": "https://productimages.coles.com.au/productimages/3/3609392.jpg",
      "store": "coles"
    },
    {
      "name": "Butternut Pumpkin Cut each",
      "price": 2.61,
      "stockcode": "147197",
      "store": "woolworths",
      "image_url": "https://cdn0.woolworths.media/content/wowproductimages/large/147197.jpg"
    },
    {
      "name": "Kent Pumpkins Loose",
      "price": 2.69,
      "size": "approx. 1 kg per piece",
      "product_url": "https://www.aldi.com.au/product/no-brand-kent-pumpkins-loose-000000000000380119",
      "store": "aldi"
    },
    {
      "name": "Coles Baby Broccoli | 1 Bunch",
      "price": 2.7,
      "was_price": null,
      "unit_price": null,
      "product_url": "https://www.coles.com.au/product/coles-baby-broccoli-1-bunch-5982477",
      "product_id": "5982477",
      "image_url": "https://productimages.coles.com.au/productimages/5/5982477.jpg",
      "store": "coles"
    },
    {
      "name": "Coles Portobello Mushrooms | approx. 200g",
      "price": 2.7,
      "was_price": null,
      "unit_price": null,
      "product_url": "https://www.coles.com.au/product/coles-portobello-mushrooms-approx.-200g-4590573",
      "product_id": "4590573",
      "image_url": "https://productimages.coles.com.au/productimages/4/4590573.jpg",
      "store": "coles"
    },
    {
      "name": "Coles Kent Pumpkin Cut | approx. 800g",
      "price": 2.8,
      "was_price": null,
      "unit_price": null,
      "product_url": "https://www.coles.com.au/product/coles-kent-pumpkin-cut-approx.-800g-4202540",
      "product_id": "4202540",
      "image_url": "https://productimages.coles.com.au/productimages/4/4202540.jpg",
      "store": "coles"
    },
    {
      "name": "Coles Leeks Loose | 1 Each",
      "price": 2.8,
      "was_price": null,
      "unit_price": null,
      "product_url": "https://www.coles.com.au/product/coles-leeks-loose-1-each-4595930",
      "product_id": "4595930",
      "image_url": "https://productimages.coles.com.au/productimages/4/4595930.jpg",
      "store": "coles"
    },
    {
      "name": "Coles Green Cucumber | 1 each",
      "price": 2.8,
      "was_price": null,
      "unit_price": null,
      "product_url": "https://www.coles.com.au/product/coles-green-cucumber-1-each-4559314",
      "product_id": "4559314",
      "image_url": "https://productimages.coles.com.au/productimages/4/4559314.jpg",
      "store": "coles"
    },
    {
      "name": "Fresh Broccoli each",
      "price": 2.81,
      "stockcode": "134681",
      "store": "woolworths",
      "image_url": "https://cdn0.woolworths.media/content/wowproductimages/large/134681.jpg"
    },
    {
      "name": "Coles Red Capsicum Loose | approx. 220g",
      "price": 2.84,
      "was_price": null,
      "unit_price": null,
      "product_url": "https://www.coles.com.au/product/coles-red-capsicum-loose-approx.-220g-4580208",
      "product_id": "4580208",
      "image_url": "https://productimages.coles.com.au/productimages/4/4580208.jpg",
      "store": "coles"
    },
    {
      "name": "Coles Yellow Capsicum | approx. 220g",
      "price": 2.84,
      "was_price": null,
      "unit_price": null,
      "product_url": "https://www.coles.com.au/product/coles-yellow-capsicum-approx.-220g-7215355",
      "product_id": "7215355",
      "image_url": "https://productimages.coles.com.au/productimages/7/7215355.jpg",
      "store": "coles"
    },
    {
      "name": "Coles Broccoli Medium | approx. 340g",
      "price": 2.89,
      "was_price": null,
      "unit_price": null,
      "product_url": "https://www.coles.com.au/product/coles-broccoli-medium-approx.-340g-407755",
      "product_id": "407755",
      "image_url": "https://productimages.coles.com.au/productimages/4/407755.jpg",
      "store": "coles"
    },
    {
      "name": "Coles Spring Onions | 1 Bunch",
      "price": 2.9,
      "was_price": null,
      "unit_price": null,
      "product_url": "https://www.coles.com.au/product/coles-spring-onions-1-bunch-408419",
      "product_id": "408419",
      "image_url": "https://productimages.coles.com.au/productimages/4/408419.jpg",
      "store": "coles"
    },
    {
      "name": "Coles Asian Choy Pak | 1 each",
      "price": 2.9,
      "was_price": null,
      "unit_price": null,
      "product_url": "https://www.coles.com.au/product/coles-asian-choy-pak-1-each-4567039",
      "product_id": "4567039",
      "image_url": "https://productimages.coles.com.au/productimages/4/4567039.jpg",
      "store": "coles"
    },
    {
      "name": "Coles Asian Choy Sum | 1 each",
      "price": 2.9,
      "was_price": null,
      "unit_price": null,
      "product_url": "https://www.coles.com.au/product/coles-asian-choy-sum-1-each-4567323",
      "product_id": "4567323",
      "image_url": "https://productimages.coles.com.au/productimages/4/4567323.jpg",
      "store": "coles"
    },
    {
      "name": "Coles Asian Choy Buk | 1 each",
      "price": 2.9,
      "was_price": null,
      "unit_price": null,
      "product_url": "https://www.coles.com.au/product/coles-asian-choy-buk-1-each-4565907",
      "product_id": "4565907",
      "image_url": "https://productimages.coles.com.au/productimages/4/4565907.jpg",
      "store": "coles"
    },
    {
      "name": "Spudlite Microwave Bag | 350g",
      "price": 2.9,
      "was_price": null,
      "unit_price": null,
      "product_url": "https://www.coles.com.au/product/spudlite-microwave-bag-350g-1311710",
      "product_id": "1311710",
      "image_url": "https://productimages.coles.com.au/productimages/1/1311710.jpg",
      "store": "coles"
    },
    {
      "name": "Woolworths Cherry Tomatoes Punnet 250g",
      "price": 2.9,
      "stockcode": "149620",
      "store": "woolworths",
      "image_url": "https://cdn0.woolworths.media/content/wowproductimages/large/149620.jpg"
    },
    {
      "name": "Mini-Roma Tomato Punnet 250g",
      "price": 2.9,
      "stockcode": "166144",
      "store": "woolworths",
      "image_url": "https://cdn0.woolworths.media/content/wowproductimages/large/166144.jpg"
    },
    {
      "name": "Garlic 3 Pack",
      "price": 2.99,
      "size": "3 each",
      "product_url": "https://www.aldi.com.au/product/no-brand-garlic-3-pack-000000000000380071",
      "store": "aldi"
    },
    {
      "name": "Iceberg Bagged Lettuce Each",
      "price": 2.99,
      "size": "1 each",
      "product_url": "https://www.aldi.com.au/product/no-brand-iceberg-bagged-lettuce-each-000000000000380100",
      "store": "aldi"
    },
    {
      "name": "Coles Crunchy Cos Lettuce | 1 Pack",
      "price": 3.0,
      "was_price": null,
      "unit_price": null,
      "product_url": "https://www.coles.com.au/product/coles-crunchy-cos-lettuce-1-pack-8082971",
      "product_id": "8082971",
      "image_url": "https://productimages.coles.com.au/productimages/8/8082971.jpg",
      "store": "coles"
    },
    {
      "name": "Iceberg Lettuce each",
      "price": 3.0,
      "stockcode": "154340",
      "store": "woolworths",
      "image_url": "https://cdn0.woolworths.media/content/wowproductimages/large/154340.jpg"
    },
    {
      "name": "Coles Brown Mushrooms Loose | approx. 200g",
      "price": 3.1,
      "was_price": null,
      "unit_price": null,
      "product_url": "https://www.coles.com.au/product/coles-brown-mushrooms-loose-approx.-200g-4590551",
      "product_id": "4590551",
      "image_url": "https://productimages.coles.com.au/productimages/4/4590551.jpg",
      "store": "coles"
    },
    {
      "name": "Ginger Fresh per 80g",
      "price": 3.12,
      "stockcode": "138082",
      "store": "woolworths",
      "image_url": "https://cdn0.woolworths.media/content/wowproductimages/large/138082.jpg"
    },
    {
      "name": "Coles Brown Onions | 1kg",
      "price": 3.2,
      "was_price": null,
      "unit_price": null,
      "product_url": "https://www.coles.com.au/product/coles-brown-onions-1kg-4803991",
      "product_id": "4803991",
      "image_url": "https://productimages.coles.com.au/productimages/4/4803991.jpg",
      "store": "coles"
    },
    {
      "name": "Coles Cabbage Wombok Precut Half | 1 each",
      "price": 3.2,
      "was_price": null,
      "unit_price": null,
      "product_url": "https://www.coles.com.au/product/coles-cabbage-wombok-precut-half-1-each-3666385",
      "product_id": "3666385",
      "image_url": "https://productimages.coles.com.au/productimages/3/3666385.jpg",
      "store": "coles"
    },
    {
      "name": "Coles Lettuce Decorative Green Oak | 1 Each",
      "price": 3.2,
      "was_price": null,
      "unit_price": null,
      "product_url": "https://www.coles.com.au/product/coles-lettuce-decorative-green-oak-1-each-4596649",
      "product_id": "4596649",
      "image_url": "https://productimages.coles.com.au/productimages/4/4596649.jpg",
      "store": "coles"
    },
    {
      "name": "Coles Sugar Snap Peas Medium | 150g",
      "price": 3.2,
      "was_price": null,
      "unit_price": null,
      "product_url": "https://www.coles.com.au/product/coles-sugar-snap-peas-medium-150g-4619289",
      "product_id": "4619289",
      "image_url": "https://productimages.coles.com.au/productimages/4/4619289.jpg",
      "store": "coles"
    },
    {
      "name": "Coles Symphony Lettuce Decorative | 1 each",
      "price": 3.2,
      "was_price": null,
      "unit_price": null,
      "product_url": "https://www.coles.com.au/product/coles-symphony-lettuce-decorative-1-each-9135406",
      "product_id": "9135406",
      "image_url": "https://productimages.coles.com.au/productimages/9/9135406.jpg",
      "store": "coles"
    },
    {
      "name": "Coles Lettuce Decorative Oak Red | 1 each",
      "price": 3.2,
      "was_price": null,
      "unit_price": null,
      "product_url": "https://www.coles.com.au/product/coles-lettuce-decorative-oak-red-1-each-4596456",
      "product_id": "4596456",
      "image_url": "https://productimages.coles.com.au/productimages/4/4596456.jpg",
      "store": "coles"
    },
    {
      "name": "Woolworths Fresh Herb Coriander Bunch each",
      "price": 3.2,
      "stockcode": "137091",
      "store": "woolworths",
      "image_url": "https://cdn0.woolworths.media/content/wowproductimages/large/137091.jpg"
    },
    {
      "name": "Red Capsicum each",
      "price": 3.23,
      "stockcode": "135306",
      "store": "woolworths",
      "image_url": "https://cdn0.woolworths.media/content/wowproductimages/large/135306.jpg"
    },
    {
      "name": "Pumpkin Kent Cut each",
      "price": 3.33,
      "stockcode": "143709",
      "store": "woolworths",
      "image_url": "https://cdn0.woolworths.media/content/wowproductimages/large/143709.jpg"
    },
    {
      "name": "Coles Purple Eggplant | approx. 500g",
      "price": 3.45,
      "was_price": null,
      "unit_price": null,
      "product_url": "https://www.coles.com.au/product/coles-purple-eggplant-approx.-500g-4583206",
      "product_id": "4583206",
      "image_url": "https://productimages.coles.com.au/productimages/4/4583206.jpg",
      "store": "coles"
    },
    {
      "name": "Kale Bunch",
      "price": 3.49,
      "size": "1 each",
      "product_url": "https://www.aldi.com.au/product/no-brand-kale-bunch-000000000000380109",
      "store": "aldi"
    },
    {
      "name": "Coles Lettuce Cos Baby Hearts | 2 Pack",
      "price": 3.5,
      "was_price": null,
      "unit_price": null,
      "product_url": "https://www.coles.com.au/product/coles-lettuce-cos-baby-hearts-2-pack-4646485",
      "product_id": "4646485",
      "image_url": "https://productimages.coles.com.au/productimages/4/4646485.jpg",
      "store": "coles"
    },
    {
      "name": "Coles Vine Ripened Tomatoes | 500g",
      "price": 3.5,
      "was_price": null,
      "unit_price": null,
      "product_url": "https://www.coles.com.au/product/coles-vine-ripened-tomatoes-500g-4835171",
      "product_id": "4835171",
      "image_url": "https://productimages.coles.com.au/productimages/4/4835171.jpg",
      "store": "coles"
    },
    {
      "name": "Coles Spud Lite Baby Potato | 750g",
      "price": 3.5,
      "was_price": null,
      "unit_price": null,
      "product_url": "https://www.coles.com.au/product/coles-spud-lite-baby-potato-750g-3026260",
      "product_id": "3026260",
      "image_url": "https://productimages.coles.com.au/productimages/3/3026260.jpg",
      "store": "coles"
    },
    {
      "name": "Coles Half Cauliflower Precut | 1 each",
      "price": 3.5,
      "was_price": null,
      "unit_price": null,
      "product_url": "https://www.coles.com.au/product/coles-half-cauliflower-precut-1-each-3395313",
      "product_id": "3395313",
      "image_url": "https://productimages.coles.com.au/productimages/3/3395313.jpg",
      "store": "coles"
    },
    {
      "name": "Coles Radish Bunch | 1 Each",
      "price": 3.5,
      "was_price": null,
      "unit_price": null,
      "product_url": "https://www.coles.com.au/product/coles-radish-bunch-1-each-4911870",
      "product_id": "4911870",
      "image_url": "https://productimages.coles.com.au/productimages/4/4911870.jpg",
      "store": "coles"
    },
    {
      "name": "Coles Cauliflower Half | 1 each",
      "price": 3.5,
      "was_price": null,
      "unit_price": null,
      "product_url": "https://www.coles.com.au/product/coles-cauliflower-half-1-each-4601320",
      "product_id": "4601320",
      "image_url": "https://productimages.coles.com.au/productimages/4/4601320.jpg",
      "store": "coles"
    },
    {
      "name": "Coles Cos Lettuce Head | 1 each",
      "price": 3.5,
      "was_price": null,
      "unit_price": null,
      "product_url": "https://www.coles.com.au/product/coles-cos-lettuce-head-1-each-8791125",
      "product_id": "8791125",
      "image_url": "https://productimages.coles.com.au/productimages/8/8791125.jpg",
      "store": "coles"
    },
    {
      "name": "Ginger Loose",
      "price": 3.6,
      "size": "approx. 0.12 kg per piece",
      "product_url": "https://www.aldi.com.au/product/no-brand-ginger-loose-000000000000380075",
      "store": "aldi"
    },
    {
      "name": "Coles Tomatoes Cherry Vine Ripened | 200g",
      "price": 3.7,
      "was_price": null,
      "unit_price": null,
      "product_url": "https://www.coles.com.au/product/coles-tomatoes-cherry-vine-ripened-200g-8003851",
      "product_id": "8003851",
      "image_url": "https://productimages.coles.com.au/productimages/8/8003851.jpg",
      "store": "coles"
    },
    {
      "name": "Coles Glasshouse Grape Tomatoes | 200g",
      "price": 3.8,
      "was_price": null,
      "unit_price": null,
      "product_url": "https://www.coles.com.au/product/coles-glasshouse-grape-tomatoes-200g-4498173",
      "product_id": "4498173",
      "image_url": "https://productimages.coles.com.au/productimages/4/4498173.jpg",
      "store": "coles"
    },
    {
      "name": "Coles Green Asparagus | 1 each",
      "price": 3.8,
      "was_price": null,
      "unit_price": null,
      "product_url": "https://www.coles.com.au/product/coles-green-asparagus-1-each-4838737",
      "product_id": "4838737",
      "image_url": "https://productimages.coles.com.au/productimages/4/4838737.jpg",
      "store": "coles"
    },
    {
      "name": "Coles Garlic Prepack | 3 pack",
      "price": 3.8,
      "was_price": null,
      "unit_price": null,
      "product_url": "https://www.coles.com.au/product/coles-garlic-prepack-3-pack-8433238",
      "product_id": "8433238",
      "image_url": "https://productimages.coles.com.au/productimages/8/8433238.jpg",
      "store": "coles"
    },
    {
      "name": "Coles Mini Asparagus | 1 Pack",
      "price": 3.8,
      "was_price": null,
      "unit_price": null,
      "product_url": "https://www.coles.com.au/product/coles-mini-asparagus-1-pack-7124680",
      "product_id": "7124680",
      "image_url": "https://productimages.coles.com.au/productimages/7/7124680.jpg",
      "store": "coles"
    },
    {
      "name": "Coles Baby Cucumbers | 250g",
      "price": 3.9,
      "was_price": null,
      "unit_price": null,
      "product_url": "https://www.coles.com.au/product/coles-baby-cucumbers-250g-4578148",
      "product_id": "4578148",
      "image_url": "https://productimages.coles.com.au/productimages/4/4578148.jpg",
      "store": "coles"
    },
    {
      "name": "Coles Perino Red Grape Tomatoes | 200g",
      "price": 3.9,
      "was_price": null,
      "unit_price": null,
      "product_url": "https://www.coles.com.au/product/coles-perino-red-grape-tomatoes-200g-7265535",
      "product_id": "7265535",
      "image_url": "https://productimages.coles.com.au/productimages/7/7265535.jpg",
      "store": "coles"
    },
    {
      "name": "Coles I'm Perfect Sweet Potato | 1.5kg",
      "price": 3.9,
      "was_price": null,
      "unit_price": null,
      "product_url": "https://www.coles.com.au/product/coles-i'm-perfect-sweet-potato-1.5kg-3616751",
      "product_id": "3616751",
      "image_url": "https://productimages.coles.com.au/productimages/3/3616751.jpg",
      "store": "coles"
    },
    {
      "name": "Coles Snacking Carrots | 250g",
      "price": 3.9,
      "was_price": null,
      "unit_price": null,
      "product_url": "https://www.coles.com.au/product/coles-snacking-carrots-250g-6309511",
      "product_id": "6309511",
      "image_url": "https://productimages.coles.com.au/productimages/6/6309511.jpg",
      "store": "coles"
    },
    {
      "name": "Coles Perino Noir Grape Tomatoes | 200g",
      "price": 3.9,
      "was_price": null,
      "unit_price": null,
      "product_url": "https://www.coles.com.au/product/coles-perino-noir-grape-tomatoes-200g-5079482",
      "product_id": "5079482",
      "image_url": "https://productimages.coles.com.au/productimages/5/5079482.jpg",
      "store": "coles"
    },
    {
      "name": "Coles Sweet Pointed Capsicums Red | 1 each",
      "price": 3.9,
      "was_price": null,
      "unit_price": null,
      "product_url": "https://www.coles.com.au/product/coles-sweet-pointed-capsicums-red-1-each-7514130",
      "product_id": "7514130",
      "image_url": "https://productimages.coles.com.au/productimages/7/7514130.jpg",
      "store": "coles"
    },
    {
      "name": "Baby Broccoli Bunch",
      "price": 3.9,
      "was_price": null,
      "size": null,
      "unit_price": null,
      "product_url": "https://www.igashop.com.au/product/baby-broccoli-bunch-80050001",
      "store": "iga"
    },
    {
      "name": "Bendigo Fresh Midi Cos Lettuce",
      "price": 3.9,
      "was_price": null,
      "size": null,
      "unit_price": null,
      "product_url": "https://www.igashop.com.au/product/bendigo-fresh-midi-cos-lettuce-180000002150",
      "store": "iga"
    },
    {
      "name": "Bok Choy Asian Greens",
      "price": 3.9,
      "was_price": null,
      "size": null,
      "unit_price": null,
      "product_url": "https://www.igashop.com.au/product/bok-choy-asian-greens-80050005",
      "store": "iga"
    },
    {
      "name": "Broccolini Bunch",
      "price": 3.9,
      "was_price": null,
      "size": null,
      "unit_price": null,
      "product_url": "https://www.igashop.com.au/product/broccolini-bunch-80050004",
      "store": "iga"
    },
    {
      "name": "Celery Fresh Whole each",
      "price": 3.9,
      "stockcode": "135918",
      "store": "woolworths",
      "image_url": "https://cdn0.woolworths.media/content/wowproductimages/large/135918.jpg"
    },
    {
      "name": "Coles Brussels Sprouts Medium | approx. 200g",
      "price": 3.98,
      "was_price": null,
      "unit_price": null,
      "product_url": "https://www.coles.com.au/product/coles-brussels-sprouts-medium-approx.-200g-407766",
      "product_id": "407766",
      "image_url": "https://productimages.coles.com.au/productimages/4/407766.jpg",
      "store": "coles"
    },
    {
      "name": "Gourmet Tomatoes 500g",
      "price": 3.99,
      "size": "0.5 kg",
      "product_url": "https://www.aldi.com.au/product/no-brand-gourmet-tomatoes-500g-000000000000380083",
      "store": "aldi"
    },
    {
      "name": "Coles Sliced Mushrooms | 200g",
      "price": 4.0,
      "was_price": null,
      "unit_price": null,
      "product_url": "https://www.coles.com.au/product/coles-sliced-mushrooms-200g-5750960",
      "product_id": "5750960",
      "image_url": "https://productimages.coles.com.au/productimages/5/5750960.jpg",
      "store": "coles"
    },
    {
      "name": "Coles Celery Bunch | 1 Each",
      "price": 4.0,
      "was_price": null,
      "unit_price": null,
      "product_url": "https://www.coles.com.au/product/coles-celery-bunch-1-each-4845732",
      "product_id": "4845732",
      "image_url": "https://productimages.coles.com.au/productimages/4/4845732.jpg",
      "store": "coles"
    },
    {
      "name": "Coles Mushrooms Cup | 200g",
      "price": 4.0,
      "was_price": null,
      "unit_price": null,
      "product_url": "https://www.coles.com.au/product/coles-mushrooms-cup-200g-4829860",
      "product_id": "4829860",
      "image_url": "https://productimages.coles.com.au/productimages/4/4829860.jpg",
      "store": "coles"
    },
    {
      "name": "Coles Mini Tomatoes | 125g",
      "price": 4.0,
      "was_price": null,
      "unit_price": null,
      "product_url": "https://www.coles.com.au/product/coles-mini-tomatoes-125g-4488464",
      "product_id": "4488464",
      "image_url": "https://productimages.coles.com.au/productimages/4/4488464.jpg",
      "store": "coles"
    },
    {
      "name": "Sweet Corn",
      "price": 4.0,
      "was_price": 6.9,
      "size": "500 Gram",
      "unit_price": "$0.80/per 100g",
      "product_url": "https://www.igashop.com.au/product/sweet-corn-1800000069181",
      "store": "iga"
    },
    {
      "name": "Coles Trimmed Celery Prepacked | 1 Each",
      "price": 4.1,
      "was_price": null,
      "unit_price": null,
      "product_url": "https://www.coles.com.au/product/coles-trimmed-celery-prepacked-1-each-2386281",
      "product_id": "2386281",
      "image_url": "https://productimages.coles.com.au/productimages/2/2386281.jpg",
      "store": "coles"
    },
    {
      "name": "Coles Baby Washed Potatoes | 1Kg",
      "price": 4.5,
      "was_price": null,
      "unit_price": null,
      "product_url": "https://www.coles.com.au/product/coles-baby-washed-potatoes-1kg-2488485",
      "product_id": "2488485",
      "image_url": "https://productimages.coles.com.au/productimages/2/2488485.jpg",
      "store": "coles"
    },
    {
      "name": "Coles Baby Gem Lettuce | 3 Pack",
      "price": 4.5,
      "was_price": null,
      "unit_price": null,
      "product_url": "https://www.coles.com.au/product/coles-baby-gem-lettuce-3-pack-2584547",
      "product_id": "2584547",
      "image_url": "https://productimages.coles.com.au/productimages/2/2584547.jpg",
      "store": "coles"
    },
    {
      "name": "Coles Baby Carisma Potatoes | 1kg",
      "price": 4.5,
      "was_price": null,
      "unit_price": null,
      "product_url": "https://www.coles.com.au/product/coles-baby-carisma-potatoes-1kg-2488496",
      "product_id": "2488496",
      "image_url": "https://productimages.coles.com.au/productimages/2/2488496.jpg",
      "store": "coles"
    },
    {
      "name": "Coles Half Drumhead Cabbage | 1 each",
      "price": 4.5,
      "was_price": null,
      "unit_price": null,
      "product_url": "https://www.coles.com.au/product/coles-half-drumhead-cabbage-1-each-3666396",
      "product_id": "3666396",
      "image_url": "https://productimages.coles.com.au/productimages/3/3666396.jpg",
      "store": "coles"
    },
    {
      "name": "Coles Cocktail Truss Tomatoes | 250g",
      "price": 4.5,
      "was_price": null,
      "unit_price": null,
      "product_url": "https://www.coles.com.au/product/coles-cocktail-truss-tomatoes-250g-3088176",
      "product_id": "3088176",
      "image_url": "https://productimages.coles.com.au/productimages/3/3088176.jpg",
      "store": "coles"
    },
    {
      "name": "Coles Half Savoy Cabbage | 1 each",
      "price": 4.5,
      "was_price": null,
      "unit_price": null,
      "product_url": "https://www.coles.com.au/product/coles-half-savoy-cabbage-1-each-3667945",
      "product_id": "3667945",
      "image_url": "https://productimages.coles.com.au/productimages/3/3667945.jpg",
      "store": "coles"
    },
    {
      "name": "Coles Button Mushrooms | 200g",
      "price": 4.5,
      "was_price": null,
      "unit_price": null,
      "product_url": "https://www.coles.com.au/product/coles-button-mushrooms-200g-4829420",
      "product_id": "4829420",
      "image_url": "https://productimages.coles.com.au/productimages/4/4829420.jpg",
      "store": "coles"
    },
    {
      "name": "Coles Wombok Chinese Cabbage Wombok Petite | 2 pack",
      "price": 4.5,
      "was_price": null,
      "unit_price": null,
      "product_url": "https://www.coles.com.au/product/coles-wombok-chinese-cabbage-wombok-petite-2-pack-3892103",
      "product_id": "3892103",
      "image_url": "https://productimages.coles.com.au/productimages/3/3892103.jpg",
      "store": "coles"
    },
    {
      "name": "Coles Kale Bunch Green | 1 Each",
      "price": 4.5,
      "was_price": null,
      "unit_price": null,
      "product_url": "https://www.coles.com.au/product/coles-kale-bunch-green-1-each-8696598",
      "product_id": "8696598",
      "image_url": "https://productimages.coles.com.au/productimages/8/8696598.jpg",
      "store": "coles"
    },
    {
      "name": "Coles Half Red Cabbage | 1 each",
      "price": 4.5,
      "was_price": null,
      "unit_price": null,
      "product_url": "https://www.coles.com.au/product/coles-half-red-cabbage-1-each-3668020",
      "product_id": "3668020",
      "image_url": "https://productimages.coles.com.au/productimages/3/3668020.jpg",
      "store": "coles"
    },
    {
      "name": "Coles Garlic Paste | 140g",
      "price": 4.5,
      "was_price": null,
      "unit_price": null,
      "product_url": "https://www.coles.com.au/product/coles-garlic-paste-140g-3329079",
      "product_id": "3329079",
      "image_url": "https://productimages.coles.com.au/productimages/3/3329079.jpg",
      "store": "coles"
    },
    {
      "name": "Coles Flat Mushrooms Loose | approx. 350g",
      "price": 4.72,
      "was_price": null,
      "unit_price": null,
      "product_url": "https://www.coles.com.au/product/coles-flat-mushrooms-loose-approx.-350g-4594031",
      "product_id": "4594031",
      "image_url": "https://productimages.coles.com.au/productimages/4/4594031.jpg",
      "store": "coles"
    },
    {
      "name": "Coles Fresh Celery Sticks Prepacked | 300g",
      "price": 4.8,
      "was_price": null,
      "unit_price": null,
      "product_url": "https://www.coles.com.au/product/coles-fresh-celery-sticks-prepacked-300g-1069160",
      "product_id": "1069160",
      "image_url": "https://productimages.coles.com.au/productimages/1/1069160.jpg",
      "store": "coles"
    },
    {
      "name": "Coles Organic Baby Spinach | 100g",
      "price": 4.8,
      "was_price": null,
      "unit_price": null,
      "product_url": "https://www.coles.com.au/product/coles-organic-baby-spinach-100g-2725922",
      "product_id": "2725922",
      "image_url": "https://productimages.coles.com.au/productimages/2/2725922.jpg",
      "store": "coles"
    },
    {
      "name": "Coles Silverbeet Medium | 1 Each",
      "price": 4.8,
      "was_price": null,
      "unit_price": null,
      "product_url": "https://www.coles.com.au/product/coles-silverbeet-medium-1-each-408383",
      "product_id": "408383",
      "image_url": "https://productimages.coles.com.au/productimages/4/408383.jpg",
      "store": "coles"
    },
    {
      "name": "Coles Red Onion 1 Kg | 1kg",
      "price": 4.9,
      "was_price": null,
      "unit_price": null,
      "product_url": "https://www.coles.com.au/product/coles-red-onion-1-kg-1kg-8467604",
      "product_id": "8467604",
      "image_url": "https://productimages.coles.com.au/productimages/8/8467604.jpg",
      "store": "coles"
    },
    {
      "name": "Coles Green Beans Prepacked | 375g",
      "price": 4.9,
      "was_price": null,
      "unit_price": null,
      "product_url": "https://www.coles.com.au/product/coles-green-beans-prepacked-375g-4829204",
      "product_id": "4829204",
      "image_url": "https://productimages.coles.com.au/productimages/4/4829204.jpg",
      "store": "coles"
    },
    {
      "name": "Coles Wombok Chinese Cabbage Whole | 1 Each",
      "price": 4.9,
      "was_price": null,
      "unit_price": null,
      "product_url": "https://www.coles.com.au/product/coles-wombok-chinese-cabbage-whole-1-each-4879042",
      "product_id": "4879042",
      "image_url": "https://productimages.coles.com.au/productimages/4/4879042.jpg",
      "store": "coles"
    },
    {
      "name": "Coles Organic Baby Salad Leaves Lettuce Mix | 100g",
      "price": 4.9,
      "was_price": null,
      "unit_price": null,
      "product_url": "https://www.coles.com.au/product/coles-organic-baby-salad-leaves-lettuce-mix-100g-2724760",
      "product_id": "2724760",
      "image_url": "https://productimages.coles.com.au/productimages/2/2724760.jpg",
      "store": "coles"
    },
    {
      "name": "Coles Organic Rocket | 100g",
      "price": 4.9,
      "was_price": null,
      "unit_price": null,
      "product_url": "https://www.coles.com.au/product/coles-organic-rocket-100g-2724828",
      "product_id": "2724828",
      "image_url": "https://productimages.coles.com.au/productimages/2/2724828.jpg",
      "store": "coles"
    },
    {
      "name": "Fresh Baby Corn",
      "price": 4.9,
      "was_price": null,
      "size": "115 Gram",
      "unit_price": "$4.26/per 100g",
      "product_url": "https://www.igashop.com.au/product/fresh-baby-corn-1800000069180",
      "store": "iga"
    },
    {
      "name": "Australian Grown Baby Beetroot",
      "price": 4.9,
      "was_price": null,
      "size": "250 Gram",
      "unit_price": "$1.96/per 100g",
      "product_url": "https://www.igashop.com.au/product/australian-grown-baby-beetroot-746033",
      "store": "iga"
    },
    {
      "name": "Baby Beetroot Prepack",
      "price": 4.9,
      "was_price": null,
      "size": null,
      "unit_price": null,
      "product_url": "https://www.igashop.com.au/product/baby-beetroot-prepack-80050129",
      "store": "iga"
    },
    {
      "name": "Baby Corn Prepack",
      "price": 4.9,
      "was_price": null,
      "size": null,
      "unit_price": null,
      "product_url": "https://www.igashop.com.au/product/baby-corn-prepack-80050130",
      "store": "iga"
    },
    {
      "name": "Lebanese Cucumbers 600g",
      "price": 4.99,
      "size": "0.6 kg",
      "product_url": "https://www.aldi.com.au/product/no-brand-lebanese-cucumbers-600g-000000000000380125",
      "store": "aldi"
    },
    {
      "name": "Coles I'm Perfect Onions Prepack | 2Kg",
      "price": 5.0,
      "was_price": null,
      "unit_price": null,
      "product_url": "https://www.coles.com.au/product/coles-i'm-perfect-onions-prepack-2kg-9964284",
      "product_id": "9964284",
      "image_url": "https://productimages.coles.com.au/productimages/9/9964284.jpg",
      "store": "coles"
    },
    {
      "name": "Coles Kitchen Australian Diced Butternut Pumpkin | 500g",
      "price": 5.0,
      "was_price": null,
      "unit_price": null,
      "product_url": "https://www.coles.com.au/product/coles-kitchen-australian-diced-butternut-pumpkin-500g-2859066",
      "product_id": "2859066",
      "image_url": "https://productimages.coles.com.au/productimages/2/2859066.jpg",
      "store": "coles"
    },
    {
      "name": "Coles Butternut Pumpkin Whole | approx. 2kg",
      "price": 5.0,
      "was_price": null,
      "unit_price": null,
      "product_url": "https://www.coles.com.au/product/coles-butternut-pumpkin-whole-approx.-2kg-each-4183423",
      "product_id": "4183423",
      "image_url": "https://productimages.coles.com.au/productimages/4/4183423.jpg",
      "store": "coles"
    },
    {
      "name": "Coles Organic Baby Cos Lettuce | 2 Pack",
      "price": 5.0,
      "was_price": null,
      "unit_price": null,
      "product_url": "https://www.coles.com.au/product/coles-organic-baby-cos-lettuce-2-pack-9210035",
      "product_id": "9210035",
      "image_url": "https://productimages.coles.com.au/productimages/9/9210035.jpg",
      "store": "coles"
    },
    {
      "name": "Coles Ginger Loose | approx. 130g",
      "price": 5.07,
      "was_price": null,
      "unit_price": null,
      "product_url": "https://www.coles.com.au/product/coles-ginger-loose-approx.-130g-5034484",
      "product_id": "5034484",
      "image_url": "https://productimages.coles.com.au/productimages/5/5034484.jpg",
      "store": "coles"
    },
    {
      "name": "Coles Organic Pumpkin Kent | approx. 800g",
      "price": 5.2,
      "was_price": null,
      "unit_price": null,
      "product_url": "https://www.coles.com.au/product/coles-organic-pumpkin-kent-approx.-800g-3119043",
      "product_id": "3119043",
      "image_url": "https://productimages.coles.com.au/productimages/3/3119043.jpg",
      "store": "coles"
    },
    {
      "name": "Coles Sweet Corn | 3 Pack",
      "price": 5.5,
      "was_price": null,
      "unit_price": null,
      "product_url": "https://www.coles.com.au/product/coles-sweet-corn-3-pack-5806601",
      "product_id": "5806601",
      "image_url": "https://productimages.coles.com.au/productimages/5/5806601.jpg",
      "store": "coles"
    },
    {
      "name": "Coles Perino Entertainer Red Grape Tomatoes | 350g",
      "price": 5.5,
      "was_price": 5.9,
      "unit_price": null,
      "product_url": "https://www.coles.com.au/product/coles-perino-entertainer-red-grape-tomatoes-350g-5069434",
      "product_id": "5069434",
      "image_url": "https://productimages.coles.com.au/productimages/5/5069434.jpg",
      "store": "coles"
    },
    {
      "name": "Coles Perino Tomatoes Entertainer Medley | 350g",
      "price": 5.5,
      "was_price": null,
      "unit_price": null,
      "product_url": "https://www.coles.com.au/product/coles-perino-tomatoes-entertainer-medley-350g-9129094",
      "product_id": "9129094",
      "image_url": "https://productimages.coles.com.au/productimages/9/9129094.jpg",
      "store": "coles"
    },
    {
      "name": "Coles Roma Tomatoes | 480g",
      "price": 5.5,
      "was_price": null,
      "unit_price": null,
      "product_url": "https://www.coles.com.au/product/coles-roma-tomatoes-480g-3997189",
      "product_id": "3997189",
      "image_url": "https://productimages.coles.com.au/productimages/3/3997189.jpg",
      "store": "coles"
    },
    {
      "name": "Coles Tomatoes Kumato | 500g",
      "price": 5.5,
      "was_price": null,
      "unit_price": null,
      "product_url": "https://www.coles.com.au/product/coles-tomatoes-kumato-500g-8933048",
      "product_id": "8933048",
      "image_url": "https://productimages.coles.com.au/productimages/8/8933048.jpg",
      "store": "coles"
    },
    {
      "name": "Coles Kitchen Vegetables Baby Potatoes Herb Butter | 400g",
      "price": 5.5,
      "was_price": null,
      "unit_price": null,
      "product_url": "https://www.coles.com.au/product/coles-kitchen-vegetables-baby-potatoes-herb-butter-400g-8164806",
      "product_id": "8164806",
      "image_url": "https://productimages.coles.com.au/productimages/8/8164806.jpg",
      "store": "coles"
    },
    {
      "name": "Coles Kitchen Creme Royale Potato Mash | 350g",
      "price": 5.5,
      "was_price": null,
      "unit_price": null,
      "product_url": "https://www.coles.com.au/product/coles-kitchen-creme-royale-potato-mash-350g-2679519",
      "product_id": "2679519",
      "image_url": "https://productimages.coles.com.au/productimages/2/2679519.jpg",
      "store": "coles"
    },
    {
      "name": "Coles Organic Spring Onions | 1 Each",
      "price": 5.5,
      "was_price": null,
      "unit_price": null,
      "product_url": "https://www.coles.com.au/product/coles-organic-spring-onions-1-each-5011831",
      "product_id": "5011831",
      "image_url": "https://productimages.coles.com.au/productimages/5/5011831.jpg",
      "store": "coles"
    },
    {
      "name": "Coles Organic Choy Pack | 1 Bunch",
      "price": 5.5,
      "was_price": null,
      "unit_price": null,
      "product_url": "https://www.coles.com.au/product/coles-organic-choy-pack-1-bunch-5017430",
      "product_id": "5017430",
      "image_url": "https://productimages.coles.com.au/productimages/5/5017430.jpg",
      "store": "coles"
    },
    {
      "name": "Coles Mushrooms Sliced Brown | 200g",
      "price": 5.7,
      "was_price": null,
      "unit_price": null,
      "product_url": "https://www.coles.com.au/product/coles-mushrooms-sliced-brown-200g-6467068",
      "product_id": "6467068",
      "image_url": "https://productimages.coles.com.au/productimages/6/6467068.jpg",
      "store": "coles"
    },
    {
      "name": "Coles Brown Mushrooms Prepacked | 200g",
      "price": 5.7,
      "was_price": null,
      "unit_price": null,
      "product_url": "https://www.coles.com.au/product/coles-brown-mushrooms-prepacked-200g-4829703",
      "product_id": "4829703",
      "image_url": "https://productimages.coles.com.au/productimages/4/4829703.jpg",
      "store": "coles"
    },
    {
      "name": "Coles Snow Peas Prepacked | 250g",
      "price": 5.8,
      "was_price": null,
      "unit_price": null,
      "product_url": "https://www.coles.com.au/product/coles-snow-peas-prepacked-250g-7701375",
      "product_id": "7701375",
      "image_url": "https://productimages.coles.com.au/productimages/7/7701375.jpg",
      "store": "coles"
    },
    {
      "name": "Coles Organic Carrots | 1kg",
      "price": 5.8,
      "was_price": null,
      "unit_price": null,
      "product_url": "https://www.coles.com.au/product/coles-organic-carrots-1kg-5016904",
      "product_id": "5016904",
      "image_url": "https://productimages.coles.com.au/productimages/5/5016904.jpg",
      "store": "coles"
    },
    {
      "name": "Coles Salad Onions | 1 each",
      "price": 5.8,
      "was_price": null,
      "unit_price": null,
      "product_url": "https://www.coles.com.au/product/coles-salad-onions-1-each-54972",
      "product_id": "54972",
      "image_url": "https://productimages.coles.com.au/productimages/5/54972.jpg",
      "store": "coles"
    },
    {
      "name": "Coles Dutch Carrots | 1 each",
      "price": 5.8,
      "was_price": null,
      "unit_price": null,
      "product_url": "https://www.coles.com.au/product/coles-dutch-carrots-1-each-4924034",
      "product_id": "4924034",
      "image_url": "https://productimages.coles.com.au/productimages/4/4924034.jpg",
      "store": "coles"
    },
    {
      "name": "Coles Cauliflower Medium | 1 Each",
      "price": 5.9,
      "was_price": null,
      "unit_price": null,
      "product_url": "https://www.coles.com.au/product/coles-cauliflower-medium-1-each-4601603",
      "product_id": "4601603",
      "image_url": "https://productimages.coles.com.au/productimages/4/4601603.jpg",
      "store": "coles"
    },
    {
      "name": "Coles Mini Capsicum | 175g",
      "price": 5.9,
      "was_price": null,
      "unit_price": null,
      "product_url": "https://www.coles.com.au/product/coles-mini-capsicum-175g-7296299",
      "product_id": "7296299",
      "image_url": "https://productimages.coles.com.au/productimages/7/7296299.jpg",
      "store": "coles"
    },
    {
      "name": "Coles Brussel Sprouts Baby | 200g",
      "price": 5.9,
      "was_price": null,
      "unit_price": null,
      "product_url": "https://www.coles.com.au/product/coles-brussel-sprouts-baby-200g-9989810",
      "product_id": "9989810",
      "image_url": "https://productimages.coles.com.au/productimages/9/9989810.jpg",
      "store": "coles"
    },
    {
      "name": "Coles Mix-a-mato Grape Tomatoes | 300g",
      "price": 5.9,
      "was_price": null,
      "unit_price": null,
      "product_url": "https://www.coles.com.au/product/coles-mix-a-mato-grape-tomatoes-300g-3835890",
      "product_id": "3835890",
      "image_url": "https://productimages.coles.com.au/productimages/3/3835890.jpg",
      "store": "coles"
    },
    {
      "name": "Baby Capsicums",
      "price": 5.9,
      "was_price": null,
      "size": "175 Gram",
      "unit_price": "$3.37/per 100g",
      "product_url": "https://www.igashop.com.au/product/baby-capsicums-1800000069176",
      "store": "iga"
    },
    {
      "name": "Enoki Mushrooms",
      "price": 5.9,
      "was_price": null,
      "size": "300 Gram",
      "unit_price": "$1.97/per 100g",
      "product_url": "https://www.igashop.com.au/product/enoki-mushrooms-1800000069177",
      "store": "iga"
    },
    {
      "name": "Basil Bunch",
      "price": 5.9,
      "was_price": null,
      "size": null,
      "unit_price": null,
      "product_url": "https://www.igashop.com.au/product/basil-bunch-80050078",
      "store": "iga"
    },
    {
      "name": "Hass Avocados 5 Pack",
      "price": 5.99,
      "size": "5 each",
      "product_url": "https://www.aldi.com.au/product/no-brand-hass-avocados-5-pack-000000000000380094",
      "store": "aldi"
    },
    {
      "name": "Coles Red Royale Washed Potatoes | 2Kg",
      "price": 6.0,
      "was_price": null,
      "unit_price": null,
      "product_url": "https://www.coles.com.au/product/coles-red-royale-washed-potatoes-2kg-7963859",
      "product_id": "7963859",
      "image_url": "https://productimages.coles.com.au/productimages/7/7963859.jpg",
      "store": "coles"
    },
    {
      "name": "Coles Spud Lite Potatoes | 1.5Kg",
      "price": 6.5,
      "was_price": null,
      "unit_price": null,
      "product_url": "https://www.coles.com.au/product/coles-spud-lite-potatoes-1.5kg-3026441",
      "product_id": "3026441",
      "image_url": "https://productimages.coles.com.au/productimages/3/3026441.jpg",
      "store": "coles"
    },
    {
      "name": "Coles Family Broccolini | 1 each",
      "price": 6.5,
      "was_price": null,
      "unit_price": null,
      "product_url": "https://www.coles.com.au/product/coles-family-broccolini-1-each-4841775",
      "product_id": "4841775",
      "image_url": "https://productimages.coles.com.au/productimages/4/4841775.jpg",
      "store": "coles"
    },
    {
      "name": "Coles Corn Cobettes | 400g",
      "price": 6.5,
      "was_price": null,
      "unit_price": null,
      "product_url": "https://www.coles.com.au/product/coles-corn-cobettes-400g-4150570",
      "product_id": "4150570",
      "image_url": "https://productimages.coles.com.au/productimages/4/4150570.jpg",
      "store": "coles"
    },
    {
      "name": "Coles Organic Broccoli | 500g",
      "price": 6.5,
      "was_price": null,
      "unit_price": null,
      "product_url": "https://www.coles.com.au/product/coles-organic-broccoli-500g-3048820",
      "product_id": "3048820",
      "image_url": "https://productimages.coles.com.au/productimages/3/3048820.jpg",
      "store": "coles"
    },
    {
      "name": "Coles Organic Zucchini | 500g",
      "price": 6.5,
      "was_price": null,
      "unit_price": null,
      "product_url": "https://www.coles.com.au/product/coles-organic-zucchini-500g-5032219",
      "product_id": "5032219",
      "image_url": "https://productimages.coles.com.au/productimages/5/5032219.jpg",
      "store": "coles"
    },
    {
      "name": "Coles Organic Green Beans | 250g",
      "price": 6.5,
      "was_price": null,
      "unit_price": null,
      "product_url": "https://www.coles.com.au/product/coles-organic-green-beans-250g-9861850",
      "product_id": "9861850",
      "image_url": "https://productimages.coles.com.au/productimages/9/9861850.jpg",
      "store": "coles"
    },
    {
      "name": "Coles Drumhead Cabbage Mini | 1 Each",
      "price": 6.9,
      "was_price": null,
      "unit_price": null,
      "product_url": "https://www.coles.com.au/product/coles-drumhead-cabbage-mini-1-each-1475874",
      "product_id": "1475874",
      "image_url": "https://productimages.coles.com.au/productimages/1/1475874.jpg",
      "store": "coles"
    },
    {
      "name": "Coles Organic Cabbage Whole | 1 Each",
      "price": 6.9,
      "was_price": null,
      "unit_price": null,
      "product_url": "https://www.coles.com.au/product/coles-organic-cabbage-whole-1-each-7233448",
      "product_id": "7233448",
      "image_url": "https://productimages.coles.com.au/productimages/7/7233448.jpg",
      "store": "coles"
    },
    {
      "name": "Avofresh Avocado",
      "price": 6.9,
      "was_price": null,
      "size": "160 Gram",
      "unit_price": "$4.31/per 100g",
      "product_url": "https://www.igashop.com.au/product/avofresh-avocado-180000001388",
      "store": "iga"
    },
    {
      "name": "Avofresh Avocado Lime & Black Pepper",
      "price": 6.9,
      "was_price": null,
      "size": "160 Gram",
      "unit_price": "$4.31/per 100g",
      "product_url": "https://www.igashop.com.au/product/avofresh-avocado-lime-black-pepper-1800000070501",
      "store": "iga"
    },
    {
      "name": "Avofresh Avocado Smashed",
      "price": 6.9,
      "was_price": null,
      "size": "160 Gram",
      "unit_price": "$4.31/per 100g",
      "product_url": "https://www.igashop.com.au/product/avofresh-avocado-smashed-644561",
      "store": "iga"
    },
    {
      "name": "Avofresh Chunky Lemon",
      "price": 6.9,
      "was_price": null,
      "size": "160 Gram",
      "unit_price": "$4.31/per 100g",
      "product_url": "https://www.igashop.com.au/product/avofresh-chunky-lemon-180000002046",
      "store": "iga"
    },
    {
      "name": "Avofresh Classic Guacamole",
      "price": 6.9,
      "was_price": null,
      "size": "160 Gram",
      "unit_price": "$4.31/per 100g",
      "product_url": "https://www.igashop.com.au/product/avofresh-classic-guacamole-180000002047",
      "store": "iga"
    },
    {
      "name": "Avofrsh Avocado Soft Lemon",
      "price": 6.9,
      "was_price": null,
      "size": "160 Gram",
      "unit_price": "$4.31/per 100g",
      "product_url": "https://www.igashop.com.au/product/avofrsh-avocado-soft-lemon-180000006115",
      "store": "iga"
    },
    {
      "name": "Coles Cup Mushrooms | 500g",
      "price": 7.0,
      "was_price": null,
      "unit_price": null,
      "product_url": "https://www.coles.com.au/product/coles-cup-mushrooms-500g-4829838",
      "product_id": "4829838",
      "image_url": "https://productimages.coles.com.au/productimages/4/4829838.jpg",
      "store": "coles"
    },
    {
      "name": "Coles Mushrooms Sliced | 500g",
      "price": 7.0,
      "was_price": null,
      "unit_price": null,
      "product_url": "https://www.coles.com.au/product/coles-mushrooms-sliced-500g-2728862",
      "product_id": "2728862",
      "image_url": "https://productimages.coles.com.au/productimages/2/2728862.jpg",
      "store": "coles"
    },
    {
      "name": "Coles White Flat Mushrooms | 375g",
      "price": 7.0,
      "was_price": null,
      "unit_price": null,
      "product_url": "https://www.coles.com.au/product/coles-white-flat-mushrooms-375g-4835466",
      "product_id": "4835466",
      "image_url": "https://productimages.coles.com.au/productimages/4/4835466.jpg",
      "store": "coles"
    },
    {
      "name": "Coles Brushed Potatoes | 2Kg",
      "price": 7.5,
      "was_price": null,
      "unit_price": null,
      "product_url": "https://www.coles.com.au/product/coles-brushed-potatoes-2kg-3958573",
      "product_id": "3958573",
      "image_url": "https://productimages.coles.com.au/productimages/3/3958573.jpg",
      "store": "coles"
    },
    {
      "name": "Coles Gourmet Field Tomatoes | 1Kg",
      "price": 7.9,
      "was_price": null,
      "unit_price": null,
      "product_url": "https://www.coles.com.au/product/coles-gourmet-field-tomatoes-1kg-4640831",
      "product_id": "4640831",
      "image_url": "https://productimages.coles.com.au/productimages/4/4640831.jpg",
      "store": "coles"
    },
    {
      "name": "Coles Organic Sweet Corn | 3 Pack",
      "price": 7.9,
      "was_price": null,
      "unit_price": null,
      "product_url": "https://www.coles.com.au/product/coles-organic-sweet-corn-3-pack-2985377",
      "product_id": "2985377",
      "image_url": "https://productimages.coles.com.au/productimages/2/2985377.jpg",
      "store": "coles"
    },
    {
      "name": "Broccoli Floret",
      "price": 7.9,
      "was_price": null,
      "size": "340 Gram",
      "unit_price": "$7.90/per kg",
      "product_url": "https://www.igashop.com.au/product/broccoli-floret-80060003",
      "store": "iga"
    },
    {
      "name": "Coles Potatoes Washed | 2kg",
      "price": 8.0,
      "was_price": null,
      "unit_price": null,
      "product_url": "https://www.coles.com.au/product/coles-potatoes-washed-2kg-1206748",
      "product_id": "1206748",
      "image_url": "https://productimages.coles.com.au/productimages/1/1206748.jpg",
      "store": "coles"
    },
    {
      "name": "Coles Carisma Washed Potatoes | 2kg",
      "price": 8.0,
      "was_price": null,
      "unit_price": null,
      "product_url": "https://www.coles.com.au/product/coles-carisma-washed-potatoes-2kg-7712327",
      "product_id": "7712327",
      "image_url": "https://productimages.coles.com.au/productimages/7/7712327.jpg",
      "store": "coles"
    },
    {
      "name": "Coles Kestrel Washed Potatoes | 2Kg",
      "price": 8.0,
      "was_price": null,
      "unit_price": null,
      "product_url": "https://www.coles.com.au/product/coles-kestrel-washed-potatoes-2kg-2743866",
      "product_id": "2743866",
      "image_url": "https://productimages.coles.com.au/productimages/2/2743866.jpg",
      "store": "coles"
    },
    {
      "name": "Coles Brussels Sprouts Prepack | 400g",
      "price": 8.9,
      "was_price": null,
      "unit_price": null,
      "product_url": "https://www.coles.com.au/product/coles-brussels-sprouts-prepack-400g-9323257",
      "product_id": "9323257",
      "image_url": "https://productimages.coles.com.au/productimages/9/9323257.jpg",
      "store": "coles"
    },
    {
      "name": "Coles Brushed Potatoes | 4Kg",
      "price": 9.0,
      "was_price": null,
      "unit_price": null,
      "product_url": "https://www.coles.com.au/product/coles-brushed-potatoes-4kg-3958530",
      "product_id": "3958530",
      "image_url": "https://productimages.coles.com.au/productimages/3/3958530.jpg",
      "store": "coles"
    },
    {
      "name": "Coles I'm Perfect Potatoes Imperfect | 4Kg",
      "price": 10.0,
      "was_price": null,
      "unit_price": null,
      "product_url": "https://www.coles.com.au/product/coles-i'm-perfect-potatoes-imperfect-4kg-9852032",
      "product_id": "9852032",
      "image_url": "https://productimages.coles.com.au/productimages/9/9852032.jpg",
      "store": "coles"
    },
    {
      "name": "Coles Australian Baby Capsicums | 350g",
      "price": 11.9,
      "was_price": null,
      "unit_price": null,
      "product_url": "https://www.coles.com.au/product/coles-australian-baby-capsicums-350g-3066275",
      "product_id": "3066275",
      "image_url": "https://productimages.coles.com.au/productimages/3/3066275.jpg",
      "store": "coles"
    }
  ]
}